2784 4319
465 260 543 321 18

362 861 439 918 10

352 2248 432 2301 10

350 2707 424 2762 15

342 3171 422 3225 20

1246 255 1523 306 HORATI
1559 253 1943 304 CARMINUM

870 411 1019 456 nam
1065 413 1177 456 seu
1221 391 1561 456 mobilibus
1606 391 1816 473 vepris
1859 390 2175 469 inhorruit

870 478 954 542 ad
998 483 1257 558 ventum
1299 477 1489 556 soliiS,
1535 499 1648 542 seu
1690 477 1923 541 virides
1967 476 2197 540 rubum

958 565 1281 630 dimovere
1324 563 1627 643 lacertae,

1044 655 1110 712 et
1154 650 1346 713 corde
1394 655 1460 712 et
1503 649 1768 732 genibus
1810 649 2047 713 tremit.

870 771 1050 850 atqui
1094 791 1223 834 non
1268 790 1385 852 ego
1429 775 1496 848 te
1540 770 1724 851 tigris
1768 775 1842 833 ut
1885 789 2115 851 aspera

873 854 1257 920 Gaetulusve
1300 856 1404 919 leo
1449 855 1744 938 frangere
1789 874 2156 936 persequor.

955 941 1218 1006 tandem
1263 942 1484 1006 desine
1528 947 1798 1005 matrem

1038 1029 1422 1110 tempestiva
1465 1027 1645 1109 sequi
1688 1027 1842 1090 viro.

1419 1233 1706 1308 XXIV.

870 1405 1022 1482 Quis
1068 1404 1384 1470 desiderio
1432 1405 1516 1469 sit
1557 1404 1767 1486 pudor
1808 1410 1922 1470 aut
1963 1404 2192 1470 modus

866 1498 1002 1556 tam
1047 1492 1180 1554 cari
1224 1491 1499 1573 capitis?
1542 1493 1842 1573 praecipe
1883 1490 2185 1574 lugubres

870 1583 1113 1656 cantUS,
1157 1576 1578 1657 Melpomene,
1623 1577 1727 1640 cui
1768 1576 2076 1658 liquidam
2120 1581 2311 1658 pater

1039 1683 1259 1726 vocem
1306 1683 1450 1725 cum
1495 1662 1744 1726 cithara
1787 1663 1983 1727 dedit.

869 1803 1019 1864 ergo
1066 1781 1439 1859 Quintilium
1481 1788 1827 1865 perpetuus
1871 1804 2065 1864 sopor

864 1869 1139 1950 urguet?
1185 1869 1287 1932 cui
1331 1865 1547 1932 Pudor
1591 1875 1657 1933 et
1696 1868 1987 1934 Iustitiae
2032 1888 2233 1947 soror,

864 1955 1235 2036 incorrupta
1278 1953 1487 2033 Fides,
1533 1955 1832 2037 nudaque
1875 1955 2132 2020 Veritas

996 2079 1001 2083 -
1037 2040 1293 2123 quando
1338 2039 1538 2103 ullum
1581 2041 1861 2105 inveniet
1900 2041 2148 2123 pareml

864 2161 1081 2225 multis
1124 2161 1233 2226 ille
1278 2161 1463 2225 bonis
1508 2159 1738 2226 flebilis
1783 2163 2037 2242 occidit,

863 2246 1021 2311 nulli
1062 2244 1355 2327 flebilior,
1402 2267 1596 2328 quam
1641 2248 1778 2328 tibi,
1823 2248 2081 2332 Vergili.

861 2338 934 2397 tu
978 2332 1215 2397 frustra
1258 2334 1422 2416 pius,
1468 2334 1612 2413 heu,
1658 2355 1787 2398 non
1829 2336 1924 2400 ita
1967 2336 2282 2400 creditum

1033 2419 1245 2500 poscis
1292 2418 1666 2497 Quintilium
1712 2421 1884 2485 deos.
1945 2476 1950 2481 .

862 2539 1063 2621 quid?
1108 2540 1162 2602 si
1207 2536 1500 2603 Threicio
1545 2540 1842 2605 blandius
1887 2540 2142 2623 Orpheo

862 2625 1149 2699 auditam
1193 2626 1527 2690 moderere
1572 2626 1906 2691 arboribus
1949 2625 2161 2706 fidem,

858 2732 1013 2774 num
1054 2732 1257 2775 vanae
1300 2712 1528 2776 redeat
1568 2714 1825 2795 sanguis
1869 2714 2149 2795 imagini,

1032 2817 1225 2880 quam
1269 2799 1448 2881 virga
1493 2799 1686 2863 semel
1731 2798 2012 2877 horrida,

858 2938 987 2979 non
1030 2916 1191 2981 lenis
1235 2916 1532 2999 precibus
1577 2916 1714 2981 fata
1755 2918 2104 2997 recludere,

858 3004 1039 3084 nigro
1086 3001 1446 3084 conpulerit
1489 3002 1842 3066 Mercurius
1885 3004 2108 3086 gregi?

857 3089 1118 3153 durum:
1166 3088 1280 3152 sed
1325 3088 1525 3151 levius
1569 3086 1643 3152 fit
1686 3090 2018 3170 patientia,

1027 3174 1338 3256 quidquid
1386 3175 1705 3254 corrigere
1752 3180 1850 3241 est
1893 3174 2090 3240 nefas.

1453 3378 1694 3453 XXV.

853 3547 1116 3611 Parcius
1158 3548 1410 3613 iunctas
1454 3550 1752 3631 quatiunt
1773 3552 2106 3617 'fenestras

854 3632 1128 3697 iactibus
1174 3633 1414 3699 crebris
1459 3636 1716 3702 iuvenes
1759 3638 2039 3720 protervi

852 3738 973 3781 nec
1016 3716 1134 3783 tibi
1178 3740 1436 3786 somnos
1481 3723 1789 3803 adimunt,
1835 3730 2136 3806 amatque

1025 3805 1219 3869 ianua
1262 3805 1476 3886 limen,
