2784 4319
385 206 509 266 214
1104 202 1378 252 HORATI
1415 201 1924 252 EPISTULARUM

479 339 634 421 quid
680 339 927 416 deceat,
974 337 1128 419 quid
1171 357 1318 415 non,
1364 357 1491 418 quo
1535 337 1753 416 virtus,
1799 352 1926 418 quo
1971 337 2139 401 ferat
2181 357 2379 402 error.

478 423 801 490 scribendi
843 429 1019 488 recte
1065 443 1290 505 sapere
1338 428 1438 486 est
1481 429 1548 487 et
1589 423 1968 505 principium
2012 429 2078 487 et
2120 421 2298 488 fons:

272 517 307 570 3
321 517 397 570 10
480 529 618 575 rem
661 507 782 574 tibi
826 507 1194 578 Socraticae
1239 513 1544 590 poterunt
1587 508 1925 572 ostendere
1971 505 2254 589 chartae,

476 593 823 675 verbaque
844 595 1165 676 provisam
1209 615 1346 657 rem
1388 613 1518 658 non
1560 594 1762 658 invita
1805 599 2167 676 sequentur.

478 681 589 763 qui
634 680 877 760 didicit,
922 680 1171 762 patriae
1218 679 1371 762 quid
1418 678 1652 745 debeat
1697 685 1764 743 et
1806 679 1961 760 quid
2003 679 2244 758 am‘icis,

478 787 605 848 quo
652 767 736 831 sit
781 787 997 830 amore
1043 786 1295 848 parenS,
1344 786 1470 846 quo
1515 765 1716 830 frater
1759 765 2068 830 amandus
2113 771 2178 828 et
2219 764 2497 849 hospeS,

478 852 653 933 quod
695 852 780 916 sit
825 851 1187 933 conscripti,
1232 851 1408 933 quod
1448 850 1675 916 iudicis
1721 851 2015 930 officium,
2059 871 2228 932 quae

273 944 395 1002 315
476 944 696 1020 partes
739 937 805 1002 in
848 937 1088 1003 bellum
1131 937 1309 1001 missi
1352 936 1563 1002 ducis:
1607 936 1716 1000 ille
1760 937 2048 1019 profecto

474 1023 749 1088 reddere
792 1044 1105 1106 personae
1152 1023 1273 1086 scit
1318 1023 1758 1087 convenientia
1801 1023 2046 1103 cuique.

476 1110 796 1192 respicere
843 1108 1169 1190 exemplar
1209 1108 1379 1172 vitae
1424 1128 1797 1194 morumque
1841 1107 2072 1173 iubebo

479 1195 740 1261 doctum
783 1196 1175 1259 imitatorem
1218 1197 1286 1258 et
1326 1194 1502 1258 vivas
1543 1192 1693 1258 hinc
1738 1194 1970 1258 ducere
2015 1213 2220 1258 voces.

476 1281 797 1346 interdum
844 1281 1136 1363 speciosa
1176 1271 1337 1344 10016
1380 1285 1759 1359 morataque
1803 1285 1978 1343 recte

273 1375 397 1429 320
478 1367 698 1432 fabula
742 1367 976 1430 nullius
1018 1365 1287 1444 veneriS,
1335 1365 1470 1430 sine
1515 1365 1800 1446 pondere
1846 1371 1913 1428 et
1956 1370 2115 1442 arte,

476 1452 725 1517 valdius
771 1453 1055 1517 oblectat
1098 1451 1407 1533 populum
1453 1451 1806 1532 meliusque
1851 1456 2156 1527 moratur,
2252 1481 2258 1487 ·

480 1559 672 1620 quam
716 1559 935 1603 versus
979 1538 1201 1618 inopes
1244 1558 1460 1600 rerum
1502 1557 1834 1618 nugaeque
1882 1555 2173 1600 canorae.
2247 1609 2250 1614 ,

447 1624 667 1688 -Grais
712 1624 1051 1706 ingenium,
1100 1622 1285 1686 Grais
1332 1623 1511 1686 dedit
1555 1643 1666 1686 ore
1711 1622 1986 1686 rotundo

480 1709 665 1774 Musa
705 1710 903 1791 loqui,
948 1715 1209 1805 praeter
1253 1707 1509 1771 laudem
1555 1708 1788 1772 nullius
1835 1707 2062 1771 avaris,

275 1802 398 1858 325
478 1795 751 1860 Romani
794 1795 979 1878 pueri
1021 1791 1229 1874 longis
1274 1789 1628 1857 rationibus
1674 1814 1884 1858 assem

394 1905 399 1912 ’
480 1881 734 1944 discunt
776 1881 843 1942 in
886 1885 1107 1960 partes
1154 1886 1410 1942 centum
1456 1879 1775 1943 diducere.
1815 1872 2021 1943 ‘dicat

478 1964 647 2030 filius
690 1965 937 2029 Albini.
985 1966 1039 2028 si
1085 1964 1164 2028 de
1211 1965 1564 2045 quincunce
1607 1971 1858 2028 remota
1900 1968 2001 2028 est

479 2052 685 2130 uncia,
734 2051 887 2131 quid
933 2051 1238 2131 superat?
1282 2057 1540 2131 poteras
1587 2043 1857 2114 dixisse.²
1901 2039 2164 2112 ‘triens.'
2206 2037 2354 2113 ‘eui

480 2159 616 2201 rem
659 2137 901 2242 poteris
946 2157 1199 2201 servare
1243 2141 1438 2201 tuam.
1483 2136 1652 2200 redit
1695 2136 1901 2215 uncia,
1947 2134 2101 2219 quid
2143 2126 2280 2200 fit?

278 2230 399 2284 330
474 2217 733 2289 ‘semisffi
780 2229 849 2287 at
891 2224 1052 2301 haec
1098 2223 1343 2286 animos
1389 2243 1624 2303 aerugo
1673 2228 1738 2285 et
1784 2243 1938 2285 cura
1979 2220 2190 2303 pec-uli

393 2334 399 2340 ·
483 2330 627 2374 cum
672 2309 871 2373 semel
912 2308 1211 2391 inbuerit,
1257 2329 1588 2389 speramus
1634 2308 1919 2372 carmina
1959 2304 2114 2388 fingi

480 2415 670 2477 posse
715 2394 975 2457 linenda
1019 2395 1211 2458 cedro
1257 2400 1323 2458 et
1365 2394 1490 2460 levi
1535 2393 1847 2457 servanda
1893 2391 2242 2473 cupresso?

482 2486 595 2546 aut
636 2480 943 2562 prodesse
986 2480 1209 2543 volunt
1252 2486 1364 2543 aut
1410 2479 1732 2542 delectare
1777 2485 2029 2559 poetae,

483 2572 595 2631 aut
640 2566 826 2631 simul
871 2572 937 2629 et
978 2566 1254 2630 iucunda
1300 2572 1364 2628 et
1407 2566 1640 2628 idonea
1685 2565 1898 2628 dicere
1942 2562 2130 2626 vitae.

278 2660 400 2715 335
483 2652 793 2735 quidquid
836 2652 1211 2749 praecipieS,
1260 2658 1397 2714 esto
1443 2651 1673 2730 breviS,
1717 2656 1790 2714 ut
1834 2650 1960 2713 cito
2007 2648 2184 2713 dicta

400 2766 405 2770 ·
481 2739 840 2821 percipiant
884 2739 1078 2801 animi
1124 2737 1362 2800 dociles
1409 2741 1798 2816 teneantque
1841 2733 2100 2798 fideles:

483 2846 668 2889 omne
715 2844 1173 2905 supervacuum
1218 2822 1408 2903 pleno
1455 2823 1535 2886 de
1578 2827 1841 2920 pectore
1885 2824 2125 2883 manat.

474 2910 634 2974 ‘ficta
676 2909 1021 2991 voluptatis
1066 2930 1259 2972 causa
1304 2909 1432 2971 sint
1473 2908 1767 2990 proxima
1810 2906 2008 2970 veris:

480 3017 583 3075 ne,
630 2995 1074 3076 quodcumque
1119 2993 1308 3074 volet,
1353 2999 1580 3075 poscat
1625 2993 1747 3057 sibi
1789 2992 2013 3057 fabula
2057 2988 2253 3069 credi,

280 3089 400 3143 340
482 3102 626 3147 neu·
652 3101 926 3162 pransae
972 3080 1231 3143 Lamiae
1275 3080 1485 3143 vivum
1527 3100 1798 3176 puerum
1845 3076 2143 3141 extrahat
2187 3038 2355 3140 alvo,

484 3166 807 3231 centuriae
855 3166 1173 3229 seniorum
1219 3166 1466 3246 agitant
1511 3164 1801 3247 expertia
1846 3162 2066 3243 frugis,

484 3252 638 3316 celsi
682 3258 1094 3333 praetereunt
1138 3257 1397 3314 austera
1440 3255 1742 3332 poemata
1785 3250 2095 3313 Ramnes.

485 3358 671 3402 omne
715 3338 864 3400 tulit
907 3344 1231 3417 punctum,
1280 3338 1388 3418 qui
1433 3337 1688 3400 miscuit
1731 3335 1889 3399 utile
1936 3333 2127 3411 dulci,

481 3424 791 3486 lectorem
837 3423 1214 3486 delectando
1260 3423 1626 3504 pariterque
1671 3419 2006 3486 monendo.

278 3514 399 3572 345
481 3508 587 3572 hic
630 3512 835 3571 meret
880 3529 1031 3571 aera
1074 3508 1238 3572 liber
1284 3508 1502 3587 806116,
1548 3507 1653 3570 1110
1701 3513 1766 3571 61
1809 3526 1986 3569 111616
2029 3503 2264 3569 transit

483 3600 549 3657 et
591 3594 849 3674 longum
894 3600 1047 3658 noto
1095 3594 1390 3675 scriptori
1434 3597 1741 3675 prorogat
1784 3612 2026 3656 aevum.

483 3686 631 3744 sunt
676 3679 913 3743 delicta
957 3686 1193 3758 tamen,
1239 3679 1470 3761 quibus
1513 3678 1830 3761 ignovisse
1874 3676 2172 3741 velimus·
2157 3724 2172 3739 .

481 3787 632 3830 nam
651 3784 858 3845 neque
884 3764 1125 3829 chorda
1150 3785 1375 3829 sonum
1395 3764 1630 3843 reddit,
1655 3783 1846 3846 quem
1866 3762 2002 3827 volt
2022 3781 2248 3827 manus
2266 3765 2336 3827 et
2351 3782 2566 3843 mens,
