2784 4319
190 465 260 516 10

190 892 261 944 15

195 2082 267 2132 10

190 2942 266 2993 20

284 241 408 300 102

912 195 914 197 ¹
1015 222 1019 228 ’
1120 218 1402 283 ΗΟΒΑΤΙ
1437 203 1808 284 ΕΡοῡοΝ’

593 379 683 450 tu,
730 390 874 434 oum
918 371 1208 434 timenda
1250 392 1406 435 voce
1452 370 1764 452 conplesti
1809 393 2051 451 nemuS,

762 457 1120 538 proiectum
1165 458 1456 521 odoraris
1501 456 1729 520 cibum.

594 564 765 622 eave,
813 563 996 606 eave:
1039 565 1315 624 namque
1358 544 1427 609 in
1471 543 1674 606 malos
1719 544 2108 624 asperrimus

764 634 997 711 parata
1039 629 1198 692 tollo
1244 650 1502 708 cornua,

526 799 535 806 θ
592 715 800 798 qualis
845 715 1206 798 Lycambae
1252 721 1504 796 spretus
1548 713 1743 778 infido
1790 735 2003 796 gener,

767 807 881 865 aut
924 822 1075 864 acer
1117 801 1317 864 hostis
1362 801 1628 882 Bupalo.

593 909 696 968 an,
744 888 799 952 si
844 889 984 968 quis
1030 893 1171 956 atro
1220 888 1412 951 dente
1458 909 1560 950 me
1604 887 1922 968 petiverit,
1956 941 1960 945 Δ

765 974 1005 1037 inultus
1048 981 1123 1037 ut
1164 973 1331 1038 flebo
1377 973 1584 1055 puer?

1236 1147 1396 1221 VII.

596 1301 753 1380 Qun,
801 1322 925 1383 quo
973 1301 1228 1366 scelesti
1272 1302 1457 1364 ruitis
1504 1307 1618 1364 aut
1661 1323 1774 1366 cur
1817 1303 2101 1368 dexteris

767 1393 1072 1469 aptantur
1117 1409 1299 1451 enses
1346 1387 1635 1450 conditi?

594 1494 905 1556 parumne
951 1475 1191 1556 campis
1236 1479 1431 1554 atque
1475 1474 1772 1555 Neptuno
1820 1496 2010 1556 super

640 1611 647 1624 ,
768 1560 977 1647 fusum
1024 1566 1123 1622 est
1164 1559 1380 1622 Latini
1426 1559 1796 1642 sanguinis?

594 1665 724 1710 non
766 1653 841 1708 ut
885 1645 1193 1727 superbas
1236 1646 1490 1709 invidae
1537 1645 1939 1728 Carthaginis

768 1733 1092 1796 Romanus
1136 1752 1316 1794 arces
1360 1737 1596 1810 ureret,

596 1819 877 1883 intactus
924 1824 1036 1881 aut
1078 1817 1429 1881 Britannus
1466 1824 1542 1881 ut
1585 1817 2006 1883 descenderet

768 1904 967 1968 Sacra
1012 1909 1345 1967 catenatus
1389 1904 1510 1981 via,

598 1991 716 2055 sed
759 1996 834 2054 ut
879 1990 1227 2054 seeundum
1270 1995 1422 2053 vota
1465 1990 1848 2053 Parthorum
1887 2013 2004 2054 sua

766 2076 919 2141 urbs
963 2075 1125 2139 haec
1167 2077 1410 2157 periret
1455 2077 1736 2139 dextera;

594 2184 802 2245 neque
844 2163 950 2226 hio
992 2163 1159 2244 lupis
1204 2183 1342 2225 mos
1385 2184 1506 2225 neo
1550 2162 1671 2226 fuit
1713 2164 2024 2243 leonibus,

772 2270 1120 2329 numquam
1165 2250 1286 2311 nisi
1329 2249 1398 2311 in
1444 2249 1662 2330 dispar
1704 2249 1874 2313 feris.

593 2335 852 2399 furorne
899 2356 1127 2397 caecus
1173 2356 1256 2397 an
1299 2336 1472 2416 rapit
1515 2337 1606 2398 vis
1652 2337 1862 2398 acrior

772 2443 853 2484 an
899 2420 1137 2501 eulpa?
1180 2441 1557 2501 responsum
1602 2422 1792 2485 date!

594 2512 839 2589 tacent,
880 2513 947 2569 et
992 2506 1173 2569 albus
1220 2527 1333 2569 ora
1376 2506 1587 2588 pallor
1629 2505 1848 2587 inficit,

767 2599 1142 2673 mentesque
1184 2592 1516 2674 perculsae
1562 2598 1839 2674 stupent.

596 2680 689 2744 sic
735 2685 865 2743 est:
914 2678 1148 2743 acerba
1190 2678 1328 2742 fata
1369 2679 1696 2761 Romanos
1739 2685 1937 2761 agunt

769 2765 1101 2845 scelusque
1145 2763 1470 2827 fraternae
1515 2766 1709 2845 neeiS,

592 2858 668 2915 ut
710 2852 1082 2914 inmerentis
1126 2849 1310 2913 fluxit
1351 2851 1419 2913 in
1465 2856 1706 2914 terram
1750 2852 1936 2915 Remi

769 2958 952 3002 sacer
993 2936 1334 3017 nepotibus
1381 2958 1586 3000 cruor.

1221 3109 1428 3181 VIII.
1504 3194 1512 3203 ,

596 3284 847 3363 Rogare
891 3280 1084 3362 longo
1128 3280 1423 3362 putidam
1469 3284 1533 3344 te
1581 3282 1856 3361 saecule,

767 3368 934 3430 vires
980 3366 1135 3447 quid
1183 3373 1444 3430 enervet
1487 3369 1709 3430 meas‘?

596 3476 741 3517 cum
786 3454 872 3517 sit
914 3451 1035 3514 tibi
1080 3452 1237 3517 dens
1284 3459 1443 3533 ater,
1492 3460 1556 3516 et
1599 3456 1772 3535 rugis
1816 3459 1998 3519 vetus

769 3538 1048 3601 frontem
1092 3544 1387 3602 senectus
1435 3545 1673 3616 exaret,

594 3625 857 3706 hietque
902 3624 1109 3705 turpis
1154 3625 1324 3688 inter
1370 3625 1586 3689 aridas
1632 3631 1815 3689 nates

768 3709 983 3792 podex
1024 3708 1199 3773 velut
1243 3712 1480 3777 crudae
1526 3711 1721 3774 bovis,
1985 3786 1990 3790 .

596 3797 713 3860 sed
757 3796 989 3859 incitat
1031 3817 1136 3859 me
1177 3803 1406 3880 peetus
1454 3803 1522 3861 et
1563 3818 1880 3861 mammae
1927 3804 2172 3879 putreS‚
