2784 4319
437 179 520 238 62

331 577 417 632 20

327 1072 412 1128 25

322 1534 410 1588 30

319 1993 408 2050 35

319 2456 405 2509 40

1226 178 1500 228 HORATI
1538 177 1921 228 CARMINUM

744 318 1137 379 crescentem
1179 313 1469 392 sequitur
1512 333 1665 377 cura
1704 314 2045 395 pecuniam

742 399 1183 480 maiorumque
1227 398 1459 462 fames:
1505 399 1643 462 iure
1685 399 2023 480 perhorrui

741 482 875 547 late
921 485 1332 566 conspicuum
1374 484 1603 549 tollere
1646 485 1972 565 verticem,

915 569 1276 649 MaecenaS,
1324 571 1610 650 equitum
1654 569 1868 635 decus.

741 694 982 770 quanto
1026 690 1295 771 quisque
1339 689 1464 754 sibi
1504 689 1694 772 plura
1733 691 2081 772 negaverit,

739 772 824 838 ab
870 774 970 839 dis
1011 774 1199 856 plura
1241 774 1439 839 feret:
1484 774 1575 838 nil
1620 775 2012 857 cupientium

738 859 949 925 nudus
993 865 1207 926 castra
1247 866 1400 944 peto
1446 866 1514 925 et
1554 860 1887 943 transfuga
1931 861 2200 926 divitum

908 950 1128 1029 partes
1169 945 1461 1028 linquere
1504 947 1730 1029 gestie,

738 1069 1146 1146 contemptae
1191 1064 1485 1129 dominus
1530 1065 1927 1148 splendidior
1966 1067 2081 1146 rei,

736 1171 930 1231 quam
975 1151 1047 1229 si,
1094 1151 1405 1233 quidquid
1450 1157 1593 1215 arat
1634 1153 1883 1233 inpiger
1925 1151 2189 1234 ApuluS,

737 1236 1060 1300 occultare
1105 1238 1264 1301 meis
1309 1236 1559 1300 dicerer
1600 1235 1867 1316 hormie,

905 1343 1172 1403 magnas
1215 1323 1384 1385 inter
1429 1343 1583 1403 opes
1626 1323 1830 1405 inops.

733 1463 935 1524 purae
977 1443 1150 1507 rivus
1193 1462 1403 1523 aquae
1448 1442 1730 1523 silvaque
1775 1443 2066 1524 iugerum

733 1547 1086 1609 paucorum
1129 1533 1196 1591 et
1241 1529 1478 1609 segetis
1524 1535 1701 1591 certa
1742 1526 1903 1592 fides
1946 1549 2131 1593 meae

736 1613 1086 1694 fulgentem
1128 1613 1398 1695 imperio
1443 1611 1672 1677 fertilis
1715 1613 1972 1678 Africae

905 1697 1073 1762 fallit
1117 1705 1289 1763 sorte
1334 1698 1605 1763 beatior.

733 1839 1121 1898 quamquam
1163 1839 1282 1882 nec
1322 1817 1633 1883 Calabrae
1677 1816 1871 1882 mella
1912 1817 2129 1882 ferunt
2173 1839 2351 1902 apes,

731 1922 853 1968 nec
894 1903 1356 1987 Laestrygonia
1396 1902 1689 1968 Bacchus
1732 1905 1801 1967 in
1844 1904 2156 1985 amphora

729 1988 1088 2071 languescit
1130 1989 1306 2068 mihi,
1350 2009 1470 2053 nec
1513 1989 1775 2070 pinguia
1820 1987 2082 2054 Gallicis

905 2081 1199 2139 crescunt
1240 2075 1478 2139 vellera
1521 2075 1807 2156 pascuis:

728 2196 1075 2277 inportuna
1118 2200 1336 2259 tamen
1379 2196 1720 2277 pauperies
1764 2196 1968 2273 abest,

728 2302 868 2362 nec,
913 2282 970 2345 si
1010 2281 1198 2363 plura
1241 2280 1449 2360 velim,
1495 2287 1568 2344 tu
1612 2280 1769 2345 dare
1814 2281 2112 2363 deneges.

731 2372 1062 2432 contracto
1109 2367 1335 2431 melius
1380 2386 1580 2447 parva
1626 2367 1924 2449 cupidine

899 2453 1240 2533 vectigalia
1283 2453 1627 2534 porrigam,

728 2594 922 2654 quam
967 2573 1022 2637 si
1063 2572 1424 2656 Mygdoniis
1470 2593 1736 2652 regnum
1778 2571 2062 2655 Alyattei

730 2659 969 2741 campis
1016 2660 1399 2722 continuem.
1444 2657 1649 2721 multa
1692 2656 2059 2737 petentibus

729 2744 961 2809 desunt
1003 2744 1236 2807 multa:
1281 2744 1448 2809 bene
1492 2749 1610 2822 est,
1658 2744 1760 2805 cui
1806 2742 1963 2806 deus
2009 2742 2245 2809 obtulit

898 2851 1096 2912 parca
1141 2829 1313 2912 quod
1358 2829 1517 2893 satis
1564 2832 1662 2891 est
1706 2849 1917 2891 manu.

1345 2966 1595 3041 XVII.

727 3084 870 3150 Aeli
911 3091 1162 3149 vetusto
1207 3084 1441 3150 nobilis
1486 3083 1569 3149 ab
1614 3083 1834 3162 Lamo,

731 3171 986 3253 quando
1034 3177 1099 3233 et
1141 3171 1386 3252 priores
1431 3170 1581 3233 hinc
1624 3169 1881 3233 Lamias
1924 3168 2141 3235 ferunt

816 3257 1258 3321 denominatos
1305 3263 1371 3320 et
1414 3261 1721 3337 nepotum

898 3363 1017 3424 per
1057 3362 1373 3406 memores
1417 3362 1617 3423 genus
1662 3362 1847 3404 omne
1892 3339 2093 3405 fastos

728 3467 991 3526 auctore
1035 3461 1116 3526 ab
1161 3461 1272 3525 illo
1317 3461 1497 3525 ducit
1541 3462 1867 3542 originem,

728 3550 838 3630 qui
881 3547 1280 3611 Formiarum
1321 3548 1575 3610 moenia
1621 3546 1855 3610 dicitur

813 3633 1110 3715 princeps
1155 3638 1222 3696 et
1263 3632 1591 3695 innantem
1637 3632 1916 3696 Maricae

898 3718 1192 3782 litoribus
1236 3718 1516 3781 tenuisse
1563 3716 1761 3780 Lirim

2715 3192 2735 3705 *A*„.-„—
