2784 4319
425 204 549 266 216

312 343 438 400 390

312 773 437 828 395

312 1203 439 1259 400

312 1634 437 1688 405

314 2064 439 2120 410

314 2496 435 2552 415

312 2930 438 2983 420

313 3359 437 3415 425

311 3750 438 3845 480

1148 199 1423 250 HORATI
1456 199 1971 252 EPISTULARUM

624 337 799 420 quod
838 359 971 403 non
1014 337 1324 418 edideris3
1368 338 1576 402 nescit
1615 357 1742 402 vox
1782 339 1980 402 missa
2021 339 2277 403 reverti.

622 423 949 490 silvestres
990 423 1283 488 homines
1326 443 1511 488 sacer
1551 424 1997 505 interpresque
2042 424 2314 490 deorum

624 509 929 576 caedibus
975 515 1041 574 et
1082 510 1256 573 victu
1297 507 1490 574 foedo
1533 509 1849 574 deterruit
1892 508 2206 592 Orpheae,

624 595 833 661 dictus
877 594 960 661 ob
1001 595 1129 660 hoc
1170 594 1372 660 lenire
1415 595 1614 676 tigres
1658 594 2046 676 rabidosque
2088 597 2332 664 leones.

625 681 833 747 dictus
879 686 946 746 et
987 680 1326 763 Amphion
1372 680 1716 746 Thebanae
1761 681 2058 746 conditor
2095 683 2297 764 urbis,

624 788 783 832 saxa
822 787 1081 832 movere
1124 788 1280 832 sono
1324 767 1664 832 188111(111118
1710 773 1777 831 81
1817 787 2012 866 prece
2053 766 2300 834 blanda

623 854 878 934 ducere,
925 874 1056 936 (1110
1098 853 1309 918 vellet.
1354 851 1479 918 11111
1519 851 1682 918 11888
1725 854 2046 937 sapientia
2087 855 2448 1008 quondam,

622 939 882 1023 publica
923 940 1189 1022 privatis
1235 959 1588 1020 secernere,
1633 960 1821 1004 sacra
1861 939 2178 1022 profanis,

626 1025 968 1092 concubitu
1008 1025 1351 1108 prohibere
1395 1045 1576 1108 vage,
1623 1024 1779 1090 dare
1821 1025 1967 1091 iura
2007 1026 2278 1109 maritis,

626 1112 864 1195 oppida
904 1111 1135 1192 moliri,
1178 1111 1355 1192 leges
1398 1111 1682 1176 incidere
1713 1111 1916 1193 ligne.

624 1199 717 1264 sic
759 1199 967 1263 honor
1010 1203 1077 1263 et
1118 1217 1352 1262 nomen
1399 1196 1625 1262 divinis
1667 1198 1920 1262 vatibus
1965 1203 2160 1281 atque

606 1284 1007 1356 ,carminibus
1049 1283 1242 1351 venit.
1286 1289 1436 1364 post
1476 1282 1594 1348 hos
1637 1283 1902 1366 insignis
1945 1283 2266 1352 Homerus

622 1370 1060 1455 Tyrtaeusque
1104 1390 1315 1434 mares
1360 1369 1606 1434 animos
1651 1371 1717 1432 in
1759 1369 1998 1435 Martia
2039 1371 2216 1437 bella

620 1457 908 1522 versibus
954 1457 1241 1535 exacuit3
1287 1455 1500 1554 dictae
1541 1477 1662 1538 per
1704 1456 1994 1521 carmina
2017 1453 2262 1540 801188,

624 1549 692 1608 81
732 1544 901 1607 vitae
946 1505 1304 1606 1110118118138
1345 1541 1451 1606 via
1495 1547 1612 1621 est,
1661 1547 1728 1606 81
1769 1543 1982 1622 gratia
2021 1563 2248 1625 regum

622 1630 848 1694 Pieriis
892 1635 1211 1709 temptata
1252 1627 1481 1705 modis,
1526 1626 1842 1711 ludusque
1885 1635 2180 1711 repertus

623 1721 692 1780 et
732 1717 1067 1796 longorum
1112 1735 1377 1797 operum
1419 1713 1596 1778 finis:
1642 1734 1724 1779 ne
1767 1713 1937 1779 forte
1980 1715 2214 1797 pudori

623 1802 709 1867 sit
748 1801 871 1868 tibi
908 1801 1097 1866 Musa
1136 1801 1313 1884 lyrae
1360 1799 1584 1866 sollers
1629 1805 1697 1864 et
1739 1806 1965 1866 cantor
2007 1801 2258 1884 Apollo,

620 1894 854 1952 natura
896 1886 1083 1951 fieret
1123 1886 1448 1950 laudabile
1494 1907 1754 1950 carmen
1797 1908 1882 1951 an
1926 1893 2086 1967 arte,

623 1975 983 2056 quaesitum
1026 1978 1141 2036 est.
1188 1993 1307 2054 880
1350 1993 1472 2037 nec
1515 1973 1798 2038 studium
1841 1972 1977 2038 sine
2024 1974 2218 2039 divite
2261 1992 2454 2058 vena,

621 2080 743 2125 nec
784 2060 944 2123 rude
990 2059 1144 2139 quid
1186 2059 1394 2141 prosit
1432 2058 1619 2123 video
1663 2059 2020 2140 ingenium:
2066 2060 2332 2127 alterius
2379 2063 2486 2129 sic

623 2147 831 2213 altera
872 2147 1083 2229 poscit
1129 2168 1317 2228 opem
1360 2166 1465 2209 res
1511 2150 1579 2209 81
1622 2146 1915 2210 coniurat
1961 2147 2182 2212 amice.

624 2234 734 2316 qui
779 2234 996 2297 studet
1040 2238 1329 2313 optatam
1374 2254 1564 2295 cursu
1608 2232 1976 2313 contingere
2023 2239 2280 2314 metam,

622 2319 829 2385 multa
870 2318 1019 2382 tulit
1060 2319 1339 2399 fecitque
1383 2339 1562 2415 puer,
1609 2319 1864 2382 sudavit
1906 2324 1974 2383 et
2017 2319 2186 2401 alsit,

626 2406 935 2471 abstinuit
976 2425 1207 2469 venere
1254 2410 1319 2467 81
1360 2406 1542 2483 vin03
1587 2404 1697 2485 qui
1739 2403 1970 2487 Pythia
2015 2411 2238 2471 cantat

622 2493 881 2570 tibicen,
928 2491 1153 2554 didicit
1195 2490 1371 2571 prius
1419 2490 1836 2594 extimuitque
1881 2492 2275 2573 magistrum.

621 2600 790 2643 nunc
834 2578 1019 2641 satis·
1036 2582 1134 2640 881
1178 2576 1444 2639 dixisse:
1515 2597 1632 2658 ego
1677 2577 1840 2641 mira
1882 2584 2184 2658 poemata
2226 2600 2479 2663 pango;

623 2667 893 2747 occupet
937 2668 1290 2729 extremum
1334 2662 1615 2741 scabies3
1659 2661 1816 2725 mihi
1858 2668 2046 2744 turpe
2089 2664 2368 2770 relinqui

622 2757 706 2831 et,
754 2750 925 2832 quod
968 2770 1097 2813 non
1142 2748 1337 2812 didici
1382 2769 1554 2827 sane,
1599 2749 1848 2812 nescire
1895 2744 2120 2813 1818113

621 2844 695 2902 111
736 2857 991 2918 praece,
1038 2835 1122 2899 ad
1165 2854 1412 2897 merces
1455 2833 1712 2897 turbam
1754 2834 1866 2915 qui
1910 2836 2082 2917 cogit
2125 2836 2454 2917 emendae,

623 2923 1069 2987 adsentatores
1115 2920 1293 2984 iubet
1339 2920 1424 2983 ad
1468 2920 1718 2983 lucrum
1761 2920 1856 2984 ire
1900 2928 2098 3003 poeta

624 3010 799 3074 dives
845 3008 1034 3089 agris,
1083 3007 1257 3070 dives
1302 3007 1529 3087 positis
1574 3006 1642 3069 in
1686 3005 1948 3070 faenore
1996 3010 2288 3075 nummis.

622 3095 679 3161 si
720 3116 871 3159 vero
918 3100 1033 3172 est,
1078 3098 1340 3157 unctum
1386 3092 1497 3172 qui
1537 3096 1714 3155 recte
1759 3114 1998 3174 ponere
2043 3096 2248 3176 possit

624 3187 690 3245 et
735 3180 1048 3262 spondere
1092 3179 1218 3242 levi
1259 3199 1377 3259 pro
1423 3199 1707 3260 paupere
1754 3185 1819 3242 et
1865 3179 2112 3261 eripere
2158 3181 2318 3247 artis

620 3267 841 3331 litibus
884 3264 1259 3347 inplicitum,
1304 3263 1606 3343 mirabor,
1653 3264 1708 3327 si
1751 3264 1913 3329 sciet
1955 3267 2153 3330 inter-

621 3374 886 3418 noscere
931 3350 1305 3415 mendac-em
1349 3370 1694 3430 verumque
1738 3351 1966 3416 beatus
2012 3352 2308 3417 amicum.

620 3446 692 3504 tu
738 3460 851 3503 seu
896 3437 1154 3502 donaris
1200 3457 1313 3499 seu
1358 3436 1512 3516 quid
1559 3436 1798 3499 donare
1843 3438 2019 3502 voles
2065 3440 2186 3518 8111,

622 3526 823 3590 nolito
868 3524 953 3589 ad
996 3544 1215 3586 versus
1258 3522 1379 3585 tibi
1421 3520 1628 3585 factos
1673 3524 1907 3587 ducere
1951 3524 2213 3612 plenum

621 3612 939 3675 laetitiae:
989 3608 1290 3672 clamabit
1336 3609 1505 3671 enim
1545 3602 1868 3689 tpulchre!
1916 3610 2113 3690 bene!
2157 3605 2386 3677 rectel’

577 3732 583 3737 ·
621 3697 933 3781 pallescet
978 3715 1169 3777 super
1210 3694 1329 3771 his,
1378 3693 1572 3757 etiam
1618 3693 1887 3759 stillabit
1931 3696 2153 3761 amicis

624 3807 703 3848 ex
749 3784 949 3848 oculis
992 3801 1225 3859 rorem,
1272 3778 1478 3857 saliet,
1525 3781 1754 3845 tundet
1795 3783 1960 3865 pede
2006 3788 2265 3849 terram.
