2784 4319
253 1742 332 1797 10

253 2172 334 2228 15

255 2604 335 2656 20

256 3033 336 3086 25

259 3465 338 3520 30

343 227 466 287 108

1167 223 1415 273 HORAT
1422 226 1445 273 1
1480 224 1774 274 EPODON

552 383 670 425 nec
702 366 779 426 16
823 362 1224 445 Pythagorae
1271 362 1500 427 tallant
1544 382 1781 425 arcana
1826 361 2054 443 renati,

723 448 1053 530 formaque
1097 452 1314 513 vincas
1357 448 1571 524 Nirea,

553 533 734 612 eheu,
782 535 1128 599 translatos
1174 536 1300 599 alio
1345 533 1661 598 maerebis
1708 554 1991 599 amores:

723 626 824 685 ast
869 642 985 703 ego
1031 623 1308 685 vicissim
1352 620 1573 684 risero.

1305 871 1310 877 .
1375 810 1578 883 XVI.

553 965 778 1029 Altera
820 966 949 1029 iam
993 967 1224 1029 teritur
1267 965 1453 1029 bellis
1500 964 1789 1028 civilibus
1836 969 2034 1040 aetaS‚

727 1052 854 1116 suis
901 1058 967 1115 et
1009 1054 1151 1133 ipsa
1193 1052 1399 1115 Roma
1440 1050 1679 1113 viribus
1722 1050 1869 1113 ruit.

555 1159 747 1219 quam
790 1158 996 1219 neque
1039 1136 1293 1201 finitimi
1337 1135 1673 1201 valuerunt
1714 1134 1985 1217 perdere
2029 1134 2246 1215 Marsi2

725 1225 990 1287 minacis
1037 1229 1149 1288 aut
1191 1224 1465 1287 Etrusca
1506 1222 1825 1285 Porsenae
1868 1242 2112 1299 manus,

559 1309 808 1374 aemula
851 1330 971 1373 nec
1014 1310 1214 1373 virtus
1262 1308 1521 1389 Capuae
1564 1328 1682 1371 nec
1730 1306 2075 1389 Spartacus
2120 1327 2277 1371 acer

729 1396 1031 1477 novisque
1074 1395 1264 1460 rebus
1309 1394 1583 1459 infidelis
1626 1392 1951 1472 Allobrox,

556 1503 675 1545 nec
721 1481 859 1545 fera
906 1482 1199 1545 caerulea
1245 1481 1493 1545 domuit
1536 1479 1881 1543 Germania
1924 1479 2091 1559 pube

728 1567 1227 1648 parentibusque
1273 1566 1676 1630 abominatus
1721 1564 2071 1629 Hannibal:

558 1654 734 1735 inpia
777 1653 1116 1734 perdemus
1163 1653 1376 1716 devoti
1420 1650 1743 1732 sanguinis
1790 1656 1987 1729 aetas,

729 1739 1005 1819 ferisque
1050 1760 1266 1801 rursus
1312 1738 1731 1819 occupabitur
1772 1737 1995 1801 solum.

557 1824 870 1889 barbarus
914 1824 1041 1888 heu
1086 1826 1328 1887 cineres
1374 1825 1627 1887 insistet
1668 1824 1873 1887 victor
1917 1828 1982 1886 et
2023 1822 2251 1886 urbem

731 1931 924 1991 eques
970 1917 1236 1975 sonante
1281 1910 1645 1973 verberabit
1687 1909 1942 1990 ungula,

561 2016 852 2078 quaeque
899 2003 1121 2061 carent
1163 1996 1368 2061 ventis
1416 2002 1481 2059 et
1526 1996 1765 2059 solibus
1811 2016 1957 2059 ossa
2002 1993 2269 2073 Quirini,

730 2082 910 2147 nefas
953 2083 1188 2162 videre,
1235 2081 1575 2164 dissipabit
1620 2081 1915 2143 insolens

561 2170 746 2249 forte,
794 2171 965 2250 quod
1010 2169 1328 2251 expediat,
1374 2169 1797 2232 communiter
1839 2173 1951 2231 aut
1993 2165 2223 2230 melior
2264 2188 2436 2249 pars

731 2256 915 2320 malis
961 2269 1180 2319 carere
1225 2256 1531 2336 quaeritis
1574 2253 1947 2318 laboribus?

561 2343 738 2405 nulla
781 2343 864 2404 sit
905 2343 1029 2404 hac
1072 2342 1287 2422 potior
1331 2341 1679 2404 sententia:
1724 2339 2161 2402 Phocaeorum

732 2426 906 2490 velut
947 2427 1230 2508 profugit
1275 2432 1607 2490 exsecrata
1651 2426 1871 2489 civitas

537 2534 750 2596 agros
796 2519 988 2593 atque
1035 2513 1201 2576 lares
1245 2514 1509 2594 patrios,
1554 2512 2032 2591 habitandaque
2076 2511 2231 2574 fana

736 2600 906 2680 apris
949 2598 1211 2680 reliquit
1255 2604 1321 2662 et
1363 2598 1703 2680 rapacibus
1747 2598 1931 2677 lupis,

563 2687 675 2764 ire,
721 2685 918 2766 pedes
965 2705 1361 2766 quocumque
1407 2684 1632 2761 ferent,
1680 2702 2077 2764 quocumque
2120 2702 2240 2763 per
2285 2682 2511 2748 undas

731 2771 935 2834 Notus
977 2772 1233 2835 vocabit
1276 2776 1388 2834 aut
1430 2775 1763 2851 protervus
1802 2767 2075 2832 Africus.

565 2859 654 2921 sic
698 2857 928 2938 placet,
975 2879 1059 2920 an
1102 2857 1326 2920 melius
1371 2857 1513 2936 quis
1555 2854 1753 2918 habet
1798 2854 2113 2918 suadere?
2159 2854 2453 2918 secunda

733 2949 940 3006 ratem
985 2963 1298 3023 occupare
1343 2942 1497 3024 quid
1540 2961 1863 3004 moramur
1908 2939 2105 3004 alite?

565 3029 678 3092 sed
721 3031 1000 3092 iuremus
1043 3029 1110 3090 in
1153 3029 1344 3092 haec:
1391 3027 1579 3092 simul
1620 3027 1764 3090 imis
1810 3047 1966 3090 saxa
2008 3026 2297 3089 renarint

734 3114 914 3178 vadis
957 3114 1187 3193 levata,
1233 3135 1313 3177 ne
1357 3113 1569 3176 redire
1616 3114 1699 3176 sit
1741 3112 1954 3191 nefas;
2096 3169 2101 3174 .

564 3222 686 3264 neu
733 3220 1036 3264 conversa
1081 3201 1337 3263 domum
1379 3201 1599 3280 pigeat
1644 3199 1798 3262 dare
1843 3198 2059 3275 lintea,
2106 3197 2363 3278 quando

733 3285 945 3349 Padus
989 3285 1236 3350 Matina
1277 3285 1507 3349 laverit
1552 3285 1901 3362 cacumina,

563 3375 629 3436 in
675 3393 850 3435 mare
895 3393 1008 3436 seu
1053 3371 1256 3436 celsus
1299 3371 1693 3452 procurrerit
1734 3369 2169 3451 Appenninus‚

734 3479 1022 3539 novaque
1066 3463 1353 3521 monstra
1396 3457 1672 3520 iunxerit
1713 3456 1975 3520 libidine

565 3546 761 3608 mirus
807 3565 1003 3622 amor,
1047 3545 1221 3607 iuvet
1263 3549 1336 3606 ut
1380 3544 1575 3624 tigres
1621 3541 1947 3606 subsidere
1994 3541 2213 3620 cerviS,

737 3630 1136 3694 adulteretur
1180 3635 1245 3692 et
1289 3628 1584 3692 columba
1625 3627 1839 3706 miluc,

568 3716 825 3780 credula
869 3736 988 3778 nec
1030 3735 1215 3779 ravos
1259 3715 1530 3777 timeant
1574 3713 1862 3778 armenta
1905 3713 2141 3791 1601165,

741 3810 1036 3882 ametque
1083 3802 1251 3864 salsa
1295 3800 1451 3862 levis
1494 3801 1708 3862 hircus
1756 3819 2057 3880 aequora.
