2784 4319
659 855 1022 964 CAR
1039 858 1182 963 M
1199 858 1266 963 I
1283 856 1407 963 N
1436 858 1564 967 U
1592 858 1735 964 M

842 1098 1086 1176 LIBER
1139 1099 1550 1191 QUARTUS.

1156 1476 1214 1550 Ι.

252 1642 642 1725 Intermissa,
684 1644 918 1724 Venus,
963 1646 1074 1709 diu

421 1751 644 1795 rursus
684 1729 858 1797 bella
899 1730 1163 1795 moves?
1204 1750 1401 1814 parce
1444 1752 1693 1815 precor,
1736 1734 1984 1815 precor.

258 1832 384 1878 non
427 1836 590 1895 sum,
635 1816 843 1897 qualis
887 1836 1065 1881 eram
1106 1816 1316 1882 bonae

425 1900 547 1966 sub
590 1921 787 1983 regno
835 1900 1124 1967 Cinarae.
1170 1904 1410 1982 desine,
1456 1901 1739 1967 dulcium

255 2025 468 2085 mater
510 2040 702 2085 saeta
746 2020 1148 2104 Cupidinum,

423 2106 596 2172 circa
637 2106 843 2172 lustra
887 2107 1110 2174 decem
1151 2106 1413 2173 flectere
1456 2106 1756 2173 mollibus

253 2190 384 2257 iam
429 2193 661 2258 durum
703 2194 1019 2275 imperiis:
1064 2194 1191 2274 abi,-

425 2299 556 2360 quo
598 2278 877 2344 blandae
921 2280 1218 2344 iuvenum
1259 2285 1328 2344 te
1371 2283 1679 2344 revocant
1718 2297 1964 2362 preces.

257 2397 702 2481 tempestivius
742 2398 807 2462 in
856 2398 1115 2463 domum

425 2483 610 2548 Pauli
653 2485 992 2566 purpureis
1036 2485 1170 2560 ales
1215 2483 1500 2549 oloribus

258 2568 686 2633 comissabere
729 2568 1012 2650 Maximi,

428 2655 483 2719 si
527 2659 776 2720 torrere
817 2654 998 2721 iecur
1039 2655 1296 2737 quaeris
1338 2654 1657 2719 idoneum.

251 2789 526 2857 namque
573 2780 641 2839 et
679 2774 916 2840 nobilis
961 2780 1030 2839 et
1071 2774 1306 2839 decens

422 2865 490 2924 et
533 2880 654 2941 pro
695 2859 988 2924 sollicitis
1031 2880 1160 2924 non
1203 2861 1441 2924 tacitus
1485 2859 1613 2923 reis

259 2947 326 3008 et
365 2951 623 3010 centum
639 2966 829 3044 ‘puer
872 2947 1108 3010 artium

421 3030 556 3095 late
601 3031 786 3113 signa
827 3031 995 3096 feret
1037 3029 1304 3094 militiae
1347 3034 1521 3110 tuae,

253 3153 318 3212 et
355 3150 742 3233 quandoque
785 3151 1111 3231 potentior

417 3236 584 3318 largi
627 3236 996 3300 muneribus
1038 3236 1254 3299 riserit
1298 3233 1551 3313 aemuli,

255 3317 535 3387 Albanos
579 3341 780 3403 prope
825 3327 890 3386 te
935 3321 1113 3385 lacus

417 3413 618 3488 ponet
658 3426 1084 3472 marmoream
1128 3405 1246 3470 sub
1291 3403 1477 3468 trabe
1522 3404 1741 3468 citrea.

251 3520 383 3589 illic
425 3524 704 3606 plurima
745 3525 1009 3589 naribus

421 3610 620 3675 duces
661 3615 829 3690 tura,
873 3611 1176 3694 lyraeque
1221 3614 1290 3674 et
1331 3607 1749 3692 Berecyntiae

258 3689 662 3761 delectabere
703 3659 904 3759 tibiae

419 3781 637 3845 mixtis
681 3779 1068 3845 carminibus
1111 3799 1240 3843 non
1283 3778 1421 3842 sine
1464 3777 1711 3842 fistula.

2338 2485 2421 2538 10

2335 2944 2416 2998 15

2331 3400 2414 3456 20
