2784 4319
437 287 521 346 60

338 597 415 650 15

337 1965 416 2018 10

325 2922 412 2975 20

323 3450 409 3504 25

1229 285 1506 334 HORATI
1542 283 1927 334 CARMINUM

951 418 1067 484 fies
1110 420 1419 484 nobilium
1458 425 1533 484 tu
1576 441 1829 503 quoque
1872 419 2163 503 fontium,

954 527 1055 568 me
1101 505 1354 570 dicente
1398 507 1569 570 cavis
1612 506 1961 588 inpositam
2002 505 2219 572 ilicem

1037 591 1225 668 saxis,
1269 591 1439 655 unde
1480 591 1784 672 loquaces

1119 675 1416 760 lymphae
1461 675 1764 740 desiliunt
1812 682 1985 741 tuae.

1476 899 1675 974 XIV.

849 1087 1142 1153 Herculis
1186 1088 1316 1151 rit-u
1359 1087 1550 1150 modo
1596 1087 1826 1165 dictuS,
1874 1107 1912 1151 o
1956 1086 2161 1169 plebe,

849 1180 1055 1237 morte
1099 1173 1389 1238 venalem
1432 1173 1695 1253 petiisse
1738 1172 1992 1236 laurum

848 1258 1085 1323 Caesar
1123 1258 1413 1339 Hispana
1456 1258 1693 1339 repetit
1734 1264 2004 1339 penates

1019 1344 1224 1407 victor
1269 1343 1350 1406 ab
1398 1364 1529 1408 ora.

845 1482 1033 1544 unico
1079 1480 1362 1562 gaudens
1407 1479 1636 1544 mulier
1676 1482 1910 1546 marito

846 1567 1119 1647 prodeat
1160 1567 1343 1630 iustis
1389 1572 1656 1648 operata
1701 1567 1881 1646 diviS,

851 1657 918 1715 et
961 1671 1142 1714 soror
1186 1652 1342 1714 clari
1387 1651 1585 1731 duciS,
1634 1659 1700 1715 et
1744 1652 2017 1717 decorae

1021 1736 1304 1818 supplice
1349 1739 1511 1801 vitta

843 1874 1156 1956 virginum
1199 1882 1438 1936 matres
1480 1875 1903 1954 iuvenumque
1947 1895 2152 1956 nuper

847 1961 1174 2041 sospitum.
1219 1980 1350 2037 VOS,
1399 1979 1436 2021 o
1480 1961 1658 2040 pueri
1707 1965 1774 2024 et
1815 1961 2066 2041 puellae

845 2067 974 2109 non
1016 2046 1221 2108 virum
1265 2051 1583 2126 expertae,
1632 2045 1799 2109 male
1847 2046 2144 2109 ominatis

1016 2131 1261 2214 parcite
1305 2130 1534 2196 verbis,

843 2267 949 2330 hic
994 2268 1132 2331 dies
1174 2288 1322 2331 vere
1366 2268 1523 2331 mihi
1565 2268 1767 2333 festus
1812 2273 1987 2333 atras

844 2352 1082 2417 eximet
1124 2374 1339 2417 curas:
1387 2374 1505 2435 ego
1550 2375 1669 2417 nec
1712 2354 2057 2419 tumultum

843 2459 962 2502 nec
1006 2440 1169 2501 mori
1211 2460 1328 2519 per
1369 2440 1499 2503 vim
1541 2445 1825 2503 metuam
1870 2444 2127 2505 tenente

1017 2522 1289 2588 Caesare
1331 2528 1557 2588 terras,

841 2660 884 2739 i,
929 2667 1078 2742 pete
1125 2667 1534 2743 unguentum,
1578 2682 1757 2742 puer,
1805 2668 1871 2726 et
1915 2681 2183 2726 coronas

845 2752 911 2809 et
956 2746 1185 2809 cadum
1227 2746 1426 2810 Marsi
1469 2767 1819 2811 memorem
1862 2747 2078 2823 duelli,

845 2830 1222 2912 Spartacum
1267 2833 1321 2894 si
1365 2853 1493 2912 qua
1535 2834 1748 2913 potuit
1788 2838 2128 2915 vagantem

1015 2917 1235 2981 fallere
1281 2923 1468 2981 testa.

843 3052 947 3115 dic
993 3058 1059 3116 et
1102 3059 1367 3135 argutae
1410 3058 1716 3135 properet
1756 3054 2045 3119 Neaerae

841 3156 1164 3202 murreum
1206 3140 1376 3203 nodo
1424 3139 1721 3203 cohibere
1768 3141 2038 3219 crinem;

840 3224 895 3287 si
937 3244 1056 3305 per
1097 3225 1367 3288 invisum
1412 3246 1593 3288 mora
1636 3226 1974 3289 ianitorem

1010 3308 1144 3389 fiet,
1191 3310 1385 3374 abito,

837 3444 998 3507 lenit
1041 3445 1370 3511 albescens
1416 3446 1663 3510 animos
1708 3447 1975 3528 capillus

839 3529 1048 3592 litium
1093 3536 1159 3593 et
1201 3531 1376 3594 rixae
1424 3532 1688 3612 cupidos
1732 3539 2103 3614 protervae3

841 3635 969 3677 non
1013 3636 1130 3696 ego
1175 3615 1296 3678 hoc
1340 3616 1575 3679 ferrem
1621 3617 1865 3681 calidus
1909 3619 2169 3683 iuventa

1014 3700 1270 3765 consule
1315 3701 1571 3766 Planco.

2704 3164 2717 3319 Coa—'—
2705 2986 2716 3138 ι.
2699 2885 2713 2957 ⁴-
2703 2750 2715 2841 —
2703 2412 2716 2677 ⁴.—-x„„rw„„
2705 2313 2715 2381 -n-
