2784 4319
933 261 1069 310 LIB.
1106 261 1197 310 IV.
1234 257 1479 308 xu-xr'v

497 407 567 466 et
608 407 799 464 cantu
844 399 1115 462 tremulo
1160 404 1317 480 pota
1362 397 1743 479 Cupidinem

497 487 740 551 lentum
782 485 1109 550 sollicitas.
1153 483 1261 547 ille
1305 485 1570 548 virentis
1616 483 1682 548 et

588 574 824 638 doctae
860 571 1137 654 psallere
1184 569 1381 634 Chiae

664 657 948 740 pulchris
992 657 1267 722 excubat
1308 657 1377 720 in
1421 657 1618 738 genis,

494 781 874 862 inportunus
920 778 1089 841 enim
1133 777 1491 842 transvolat
1535 777 1750 842 aridas

495 886 767 948 quercus
812 870 881 928 et
922 863 1158 946 refugit
1199 867 1285 943 te,
1332 865 1485 944 quia
1526 863 1720 928 luridi

584 952 807 1016 dentes
851 956 937 1028 te,
984 951 1135 1031 quia
1177 971 1373 1032 rugae

608 1112 613 1115 ,
666 1042 931 1118 turpant
974 1042 1042 1104 et
1085 1037 1315 1118 capitis
1358 1037 1554 1100 nives.

496 1178 616 1222 nec
658 1156 828 1221 Coae
871 1156 1159 1220 referunt
1200 1156 1331 1220 iam
1373 1155 1494 1220 tibi
1537 1175 1858 1238 purpurae

496 1264 616 1308 nec
660 1245 793 1306 cari
835 1243 1085 1325 lapides
1126 1249 1440 1324 tempora,
1495 1263 1660 1324 quae
1706 1240 1904 1306 semel

580 1330 749 1394 notis
796 1329 1057 1398 condita
1098 1328 1283 1392 fastis

662 1415 924 1493 inclusit
964 1415 1238 1480 volucris
1282 1414 1440 1478 dies.

494 1557 621 1617 quo
664 1535 829 1617 fugit
868 1557 1085 1613 venus,
1128 1533 1275 1612 heu,
1322 1555 1526 1616 quove
1573 1533 1793 1597 color?
1838 1532 2072 1612 decens

494 1644 622 1703 quo
666 1623 924 1686 motus?
970 1621 1123 1702 quid
1166 1621 1367 1684 habes
1412 1620 1582 1684 illius
1628 1618 1818 1698 illius,

581 1729 747 1790 quae
790 1707 1081 1790 spirabat
1124 1728 1396 1788 amoreS,

668 1815 833 1876 quae
878 1815 981 1857 me
1027 1798 1367 1875 surpuerat
1410 1791 1586 1871 mihi,

492 1913 647 1978 felix
687 1921 837 1996 post
882 1913 1181 1978 Cinaram
1222 1919 1506 1995 notaque
1553 1919 1620 1977 et
1663 1914 1898 1976 artium

492 2006 823 2082 gratarum
866 2000 1111 2065 facies?
1156 2000 1270 2065 sed
1317 1998 1589 2085 Cinarae
1634 1999 1862 2064 breves

581 2107 781 2152 annos
818 2085 955 2150 fata
992 2085 1325 2166 dederunt,

668 2181 1003 2238 servatura
1046 2174 1159 2237 diu
1202 2194 1428 2255 parem

492 2296 763 2359 cornicis
806 2292 1059 2359 vetulae
1103 2293 1502 2376 temporibus
1545 2293 1780 2377 Lycen,

493 2384 757 2463 possent
798 2387 875 2445 ut
896 2381 1173 2445 iuvenes
1215 2382 1422 2444 visere
1466 2379 1696 2443 fervidi

578 2465 781 2531 multo
824 2484 955 2531 non
999 2468 1135 2531 sine
1176 2467 1312 2531 risu

665 2552 981 2635 dilapsam
1024 2554 1090 2615 in
1136 2552 1381 2639 cineres
1425 2551 1652 2615 facem.

1116 2690 1321 2763 XIV.

493 2810 672 2887 Quae
718 2832 871 2875 cura
912 2816 1169 2893 patrum
1194 2806 1455 2891 ‘quaeve
1501 2807 1842 2885 Quiritium

492 2896 700 2979 plenis
730 2897 1057 2985 uhonorum
1100 2894 1468 2961 muneribus
1513 2900 1676 2973 tuas,

580 2982 885 3065 Auguste,
930 2982 1199 3045 virtutes
1242 2982 1311 3045 in
1355 3002 1583 3044 aevum

668 3088 787 3151 per
829 3068 1053 3132 titulos
1096 3088 1537 3148 memoresque
1581 3066 1783 3131 fastos

493 3191 803 3268 aeternet,
849 3208 887 3251 o
933 3208 1061 3270 qua
1104 3188 1202 3251 sol
1244 3184 1634 3251 habitabiles

492 3274 795 3339 inlustrat
836 3296 1001 3352 oraS‚
1046 3274 1319 3337 maxime
1364 3273 1726 3355 principum
1739 3272 1773 3338 ⁶?

578 3382 769 3443 quem
812 3360 972 3443 legis
1018 3366 1312 3441 expertes
1356 3358 1626 3422 Latinae

660 3444 975 3512 Vindelici
1021 3446 1302 3511 didicere
1346 3464 1551 3526 nuper

490 3567 646 3649 quid
688 3566 896 3631 Marte
938 3587 1177 3648 posses.
1222 3566 1427 3630 milite
1468 3582 1620 3627 nam
1663 3569 1778 3631 tuo

489 3652 743 3717 Drusus·
778 3652 1139 3731 GenaunOS,
1184 3650 1577 3733 inplacidum
1621 3670 1844 3731 genus,

577 3738 990 3819 Breunosque
1035 3739 1285 3803 veloces
1332 3743 1401 3801 et
1444 3756 1624 3800 arces
1859 3740 1868 3745 ’

662 3822 933 3906 Alpibus
974 3824 1283 3905 inpositas
1328 3821 1680 3886 tremendis

2275 257 2358 320 89

2384 873 2466 928 10

2382 1338 2462 1394 15

2381 1788 2529 1860 20‘

2380 2300 2463 2359 25

2379 3656 2463 3712 10
