2784 4319
498 976 505 982 ,
600 1023 605 1026 ¹
686 881 1749 992 CARMINUM

864 1215 867 1219 Ι
910 1111 1150 1188 LIBER
1176 1213 1181 1219 Ι
1207 1109 1525 1188 Pfflmns.

1186 1490 1243 1566 L

424 1695 777 1760 Maecenas
822 1698 1025 1762 atavis
1070 1697 1241 1760 edite
1284 1695 1562 1779 regibus,

424 1803 474 1847 o
525 1787 592 1846 et
632 1781 1023 1864 praesidium
1068 1788 1133 1846 et
1178 1783 1362 1846 dulce
1409 1783 1604 1846 decus
1649 1783 1892 1844 meum:

424 1873 591 1934 sunt
631 1882 791 1949 quos
838 1867 1149 1932 curriculo
1194 1869 1522 1952 pulverem
1568 1865 1966 1949 Olympicum
2039 1964 2046 1970 ·

423 1953 772 2035 collegisse
814 1955 1008 2034 iuvat,
1053 1960 1351 2035 metaque
1395 1953 1656 2017 fervidis

423 2065 679 2133 evitata
720 2067 879 2130 rotis
920 2065 1265 2148 palmaque
1307 2065 1540 2130 nobilis

424 2159 756 2217 terrarum
800 2152 1091 2217 dominos
1136 2151 1347 2217 evehit
1390 2151 1476 2217 ad
1522 2152 1708 2231 deos3

423 2240 627 2317 hunc,
672 2238 728 2303 si
770 2239 1099 2303 mobilium
1142 2239 1334 2302 turba
1378 2238 1719 2314 Quiritium

425 2328 649 2389 certat
688 2326 1058 2406 tergeminis
1102 2324 1328 2389 tollere
1371 2324 1754 2403 honoribus3

426 2436 637 2515 illum,
684 2437 740 2501 si
780 2438 1042 2518 proprio
1091 2436 1378 2501 condidit
1421 2436 1675 2513 horre0‚

424 2521 752 2605 quidquid
796 2522 875 2586 de
918 2522 1170 2605 Libycis
1212 2522 1489 2585 verritur
1532 2522 1717 2585 areis.

434 2608 825 2690 gaudentem
869 2608 1113 2689 patrios
1156 2606 1399 2671 findere
1446 2608 1696 2671 sarculo
1811 2626 1816 2628 ·

426 2690 627 2775 agros
670 2692 967 2775 Attalicis
1013 2692 1491 2776 condicionibus

430 2810 787 2885 numquam
832 2806 1190 2885 demoveas,
1234 2811 1309 2869 ut
1351 2806 1536 2869 trabe
1583 2804 1814 2888 Cypria

428 2889 757 2973 Myrtoum
799 2891 1066 2972 pavidus
1111 2897 1309 2955 nauta
1354 2898 1529 2955 secet
1571 2912 1764 2954 mare.

432 2975 789 3039 luctantem
832 2974 1053 3041 Icariis
1096 2976 1394 3042 fluctibus
1440 2977 1723 3040 Africum

434 3068 759 3125 mercator
800 3068 1091 3127 metuens
1136 3063 1337 3126 otium
1382 3068 1449 3125 et
1494 3062 1712 3145 oppidi

439 3173 665 3237 laudat
707 3194 860 3237 rura
904 3175 1033 3238 sui:
1079 3195 1229 3238 mox
1271 3173 1480 3237 reficit
1523 3179 1696 3237 rates

432 3280 726 3341 quassaS‚
770 3260 1066 3323 indocilis
1109 3260 1482 3343 pauperiem
1524 3260 1680 3342 pati.

435 3351 539 3408 est
582 3346 692 3427 qui
734 3366 855 3409 nec
897 3346 1129 3410 veteris
1172 3346 1406 3428 pocula
1447 3345 1706 3433 Massici

437 3451 557 3493 nec
600 3438 851 3511 partem
898 3432 1101 3495 solido
1149 3431 1404 3495 demere
1452 3431 1532 3494 de
1578 3432 1680 3493 die

438 3542 701 3622 spernit,
744 3562 915 3605 nunc
956 3542 1143 3605 viridi
1186 3541 1476 3606 membra
1521 3542 1636 3606 sub
1683 3542 1912 3606 arbuto
2001 3605 2006 3610 ,

440 3632 697 3706 stratus,
743 3648 911 3691 nunc
956 3628 1040 3691 ad
1086 3648 1290 3708 aquae
1333 3625 1478 3691 lene
1525 3634 1718 3708 caput
1762 3648 2002 3692 sacrae.

438 3712 673 3777 multos
720 3718 933 3777 castra
974 3714 1193 3781 iuvant
1240 3718 1304 3776 et
1345 3712 1506 3777 lituo
1552 3714 1746 3775 tubae
1840 3744 1843 3747 ·
1916 3744 1918 3746 >
1959 3746 1962 3749 ⁴
2002 3740 2004 3745 ·

438 3800 788 3879 permixtus
835 3800 1079 3863 sonitus
1124 3798 1419 3878 bellaque
1463 3798 1776 3861 matribus

1958 3922 1982 3966 1

2419 2080 2454 2132 Οἵ

2382 2534 2454 2587 10

2378 3436 2459 3491 20
