2784 4319
430 252 527 338 9ο,

328 564 407 618 15

323 1043 409 1098 20

322 1575 407 1630 25

322 2054 405 2108 30

318 2539 401 2590 35

316 3018 397 3071 40

320 3549 397 3605 45

1222 249 1498 300 RORATI
1537 247 1914 301 CARMtNUM

843 385 1272 448 deiecitacer
1314 385 1458 466 plus
1502 385 1638 448 vice
1685 384 1977 466 simplici.

840 471 1047 534 maior
1088 470 1415 534 Neronum
1458 492 1607 534 mox
1651 491 1840 550 grave
1885 468 2202 551 proelium

928 557 1225 620 conmisit
1267 557 1681 638 inmanesque
1727 556 1965 620 Raetos

1015 643 1316 724 auspiciis
1359 641 1610 724 pepulit
1655 642 1968 722 secundia

840 779 1226 861 spectandus
1253 781 1337 842 in
1384 781 1730 844 certamine
1775 780 2028 858 Martio,

842 865 1075 930 devota
1117 867 1310 930 morti
1352 873 1620 949 pectora
1661 865 1940 942 liberae.

928 953 1183 1033 quantis
1228 952 1534 1034 fatigaret
1575 953 1794 1023 ruinis,

883 1073 888 1079 ·
1014 1037 1361 1104 indomitas
1405 1059 1606 1120 prope
1653 1039 1858 1120 qualis
1903 1037 2108 1102 undas

842 1181 1099 1240 exercet
1140 1175 1376 1240 Auster
1419 1175 1750 1240 Pleiadum
1795 1176 1989 1241 choro

841 1262 1175 1326 scindente
1220 1261 1442 1340 nubea
1488 1261 1740 1343 inpiger
1783 1261 2064 1326 hostium
2177 1265 2181 1269 ’

927 1367 1160 1412 vexare
1204 1353 1449 1411 turmas
1497 1354 1563 1410 et
1605 1347 1982 1412 frementem

1015 1435 1273 1496 mittere
1320 1454 1554 1515 equum
1597 1435 1842 1498 medios
1886 1456 2005 1515 per
2046 1435 2242 1512 ignes.

841 1570 935 1634 sic
979 1571 1370 1635 tauriformis
1414 1570 1687 1635 volvitur
1729 1571 2013 1650 Aufidus,

842 1657 954 1738 qui
997 1677 1197 1738 regna
1238 1657 1451 1721 Dauni
1493 1657 1792 1739 praefluit
1833 1659 2044 1740 Apuli,

815 1797 827 1806 .
930 1763 1075 1807 cum
1119 1744 1322 1806 saevit
1362 1742 1875 1825 horrendamque
1921 1743 2106 1808 cultis

1020 1828 1320 1892 diluviem
1363 1829 1712 1894 meditatur
1755 1831 1945 1911 agriS‚

845 1971 917 2029 ut
959 1965 1378 2032 barbarorum
1425 1966 1726 2030 Claudius
1771 1969 2026 2048 agmina

846 2050 1085 2116 ferrata
1128 2059 1309 2116 vasto
1356 2053 1554 2116 diruit
1597 2054 1858 2135 impetu,

927 2139 1295 2222 primosque
1340 2145 1408 2203 et
1451 2144 1769 2204 extremos
1815 2140 2114 2204 metendo

1016 2226 1243 2289 stravit
1283 2226 1565 2307 humum,
1612 2228 1747 2289 sine
1795 2227 1981 2289 clade
2024 2228 2248 2291 victor.

844 2369 905 2426 te
952 2364 1187 2445 copiae,
1234 2371 1300 2427 te
1346 2363 1680 2427 consilium
1725 2370 1792 2427 et
1833 2370 1978 2429 tuos

838 2448 1188 2531 praebente
1234 2450 1429 2513 divos
1474 2472 1624 2514 nam
1668 2450 1806 2528 tibi,
1853 2471 1978 2531 quo
2026 2450 2130 2515 die

923 2542 1147 2616 portus
1190 2535 1596 2600 Alexandrea
1641 2534 1912 2617 supplex

1011 2629 1077 2686 et
1120 2642 1384 2686 vacuam
1429 2622 1740 2703 patefecit
1784 2623 2017 2701 aulam,

836 2760 1094 2823 fortuna
1137 2759 1341 2823 lustro
1384 2781 1696 2841 prospera
1739 2761 1931 2823 tertio

842 2845 990 2910 belli
1034 2846 1347 2909 secundos
1394 2846 1679 2913 reddidit
1722 2846 1950 2925 exitum

920 2931 1301 3013 laudemque
1346 2938 1415 2997 et
1457 2939 1749 3013 optatum
1790 2934 2068 3013 peractis

1006 3018 1289 3099 imperiis
1335 3017 1530 3082 decus
1577 3018 1927 3099 adrogavit.

831 3161 899 3219 te
946 3154 1270 3219 Cantaber
1311 3176 1440 3219 non
1486 3162 1635 3219 ante
1682 3155 2020 3220 domabilis

830 3240 1181 3324 Medusque
1228 3246 1295 3304 et
1334 3241 1550 3320 Indua
1595 3247 1660 3304 te
1705 3242 2008 3323 profugus
2054 3242 2322 3325 Scythes

923 3330 1210 3406 miratur,
1258 3348 1296 3391 o
1339 3326 1546 3391 tutela
1589 3348 1892 3409 praesens

1006 3412 1233 3477 Italiae
1278 3413 1702 3494 dominaeque
1734 3414 2003 3477 Romae.

828 3557 895 3614 te
940 3551 1210 3615 fontium
1254 3550 1363 3630 qui
1408 3550 1577 3615 celat
1619 3552 1894 3631 origines

829 3637 1136 3718 Nilusque
1182 3641 1249 3698 et
1290 3635 1528 3716 Hister,
1571 3641 1637 3701 te
1681 3637 1942 3718 rapidus
1989 3636 2213 3719 Tigri&

915 3728 982 3786 tc
1026 3721 1327 3785 beluosus
1375 3722 1485 3803 qui
1527 3723 1791 3787 remotis

1001 3807 1317 3888 obstrepit
1360 3808 1654 3873 Oceanus
1695 3809 2039 3884 Britannia
