2784 4319
8 3607 22 3687 ι’·-

1028 262 1164 313 LIB.
1201 262 1242 314 Ι.
1279 270 1450 311 11-111

192 402 550 468 dimidium
597 404 770 480 facti,
819 404 928 487 qui
974 402 1206 484 coepit,
1251 401 1484 468 habet:
1530 422 1757 484 sapere
1804 401 2004 483 aude3

195 491 457 572 incipe!
504 492 616 573 qui
658 498 835 555 recte
879 488 1133 554 vivendi
1175 496 1487 572 prorogat
1528 488 1773 568 horam,

195 577 489 641 rusticus
537 581 855 659 expectat,
903 577 1054 641 dum
1100 573 1341 640 defluat
1385 576 1623 641 amnis:
1670 581 1741 639 at
1782 574 1891 639 ille

195 662 452 727 labitur
496 668 562 725 et
604 662 862 729 labetur
903 664 972 726 in
1017 682 1205 726 omne
1248 662 1546 727 volubilis
1590 682 1835 726 aevum.

197 750 546 829 quaeritur
589 756 925 831 argentum
966 749 1313 832 puerisque
1357 748 1553 813 beata
1598 748 1891 813 creandis

196 856 394 913 uxor,
443 841 510 899 et
551 835 834 901 incultae
875 841 1196 918 pacantur
1236 856 1494 899 vomere
1540 833 1769 901 silvae:

195 920 386 1003 quod
432 922 590 985 satis
637 927 735 985 est
778 923 883 993 cui
927 922 1260 1003 contingit,
1304 920 1465 984 nihil
1509 920 1784 1002 amplius
1828 924 2030 1001 optet.

195 1028 341 1073 non
388 1007 615 1073 domus
663 1014 728 1073 et
772 1008 1024 1087 funduS,
1071 1008 1415 1071 nonaeris
1462 1028 1726 1071 acervus
1772 1011 1839 1071 et
1882 1007 2023 1071 auri

195 1099 480 1175 aegroto
528 1093 771 1157 domini
816 1094 1082 1159 deduxit
1126 1113 1396 1175 corpore
1442 1092 1674 1171 febreS‚

196 1200 340 1244 non
385 1180 600 1245 animo
647 1202 866 1245 curas:
913 1180 1128 1245 valeat
1169 1200 1507 1262 possessor
1551 1183 1829 1261 oportet,

198 1266 264 1330 si
311 1268 712 1348 conportatis
757 1267 950 1331 rebus
995 1266 1160 1331 bene
1207 1268 1453 1347 cogitat
1495 1267 1609 1329 uti.

198 1353 320 1433 qui
369 1354 547 1434 cupit
591 1358 706 1416 aut
747 1354 998 1431 metuit,
1045 1354 1222 1416 iuvat
1263 1351 1447 1417 illum
1490 1352 1582 1415 sic
1628 1351 1855 1415 domus
1901 1355 1968 1415 et
2012 1372 2159 1435 ress

199 1445 284 1503 ut
326 1438 578 1521 lippum
619 1440 833 1520 pictae
879 1438 1161 1517 tabulae,
1206 1436 1493 1503 fomenta
1535 1438 1912 1520 podagrum,

197 1525 533 1589 auriculas
577 1526 863 1589 citharae
909 1525 1182 1589 collecta
1225 1526 1415 1589 sorde
1462 1524 1771 1588 dolentes,

203 1611 534 1675 sincerum
578 1618 677 1675 est
719 1613 841 1677 nisi
887 1633 1016 1691 vas,
1062 1612 1509 1694 quodcumque
1550 1610 1854 1689 infundis,
1900 1610 2158 1674 acescit.

204 1718 444 1779 sperne
489 1697 883 1779 voluptates:
931 1704 1122 1763 nocet
1166 1704 1384 1779 empta
1429 1696 1650 1761 dolore
1678 1696 2008 1780 voluptas,

205 1804 470 1865 semper
513 1804 742 1847 avarus
789 1790 965 1866 eget:
1013 1790 1260 1848 certum
1307 1789 1455 1848 voto
1500 1788 1650 1866 pete
1693 1782 1905 1847 finem.

205 1869 468 1933 invidus
512 1868 777 1934 alterius
822 1872 1164 1935 macrescit
1204 1870 1399 1935 rebus
1446 1870 1708 1952 opimis:

207 1954 456 2019 invidia
501 1954 700 2019 Siculi
744 1978 871 2020 non
915 1957 1216 2021 invenere
1259 1958 1518 2041 tyranni

207 2042 420 2107 maius
465 2046 874 2107 tormentum.
923 2044 1033 2125 qui
1075 2064 1204 2107 non
1250 2042 1695 2107 moderabitur
1734 2042 1891 2123 irae,

209 2126 541 2204 infectum,
564 2128 738 2193 volet
781 2150 942 2208 esse,
989 2129 1185 2194 dolor·
1218 2130 1392 2212 quod
1438 2130 1714 2195 suaserit
1758 2135 1826 2194 et
1867 2150 2067 2208 mem,

211 2213 365 2278 dum
411 2235 655 2296 poenas
702 2216 850 2281 odio
895 2237 1012 2299 per
1056 2216 1183 2280 vim
1227 2215 1495 2280 festinat
1537 2216 1761 2282 inulto.

209 2299 312 2366 ira
355 2300 539 2366 furor
580 2301 791 2366 brevis
839 2309 968 2366 est.
954 2326 967 2339 ·
1016 2303 1298 2366 animum
1343 2323 1515 2385 rege
1563 2303 1675 2385 qui
1716 2302 1842 2368 nisi
1885 2308 2091 2384 paret,

209 2387 523 2468 imperat3
566 2387 736 2452 hunc
779 2389 995 2466 frenis,
1040 2388 1210 2451 hunc
1253 2394 1328 2452 tu
1372 2409 1685 2487 conpesce
1732 2394 1978 2454 catena.

210 2471 396 2555 fingit
442 2495 675 2556 equum
719 2480 943 2539 tenera
989 2474 1264 2540 docilem
1309 2475 1555 2540 cervice
1601 2477 1909 2558 magister

211 2559 307 2622 ire
351 2560 540 2640 viam,
587 2580 716 2642 qua
758 2566 1074 2626 monstret
1118 2582 1346 2643 eques;
1389 2562 1740 2643 venaticus,
1786 2583 1865 2626 ex
1910 2583 2037 2644 quo

211 2651 505 2728 tempore
551 2648 872 2712 cervinam
915 2647 1150 2729 pellem
1193 2647 1455 2712 latravit
1499 2648 1564 2710 in
1610 2647 1777 2726 aula

211 2731 451 2796 militat
491 2733 557 2796 in
603 2733 776 2798 silvis
824 2734 1093 2799 catulus.
1136 2755 1307 2798 nunc
1351 2733 1587 2798 adhibe
1632 2755 1793 2816 puro

210 2824 476 2900 pectore
520 2818 718 2884 verba
759 2841 938 2902 puer,
985 2841 1153 2884 nunc
1197 2826 1264 2885 te
1309 2820 1681 2885 melioribus
1728 2819 1917 2885 offer:

213 2924 340 2985 quo
387 2905 588 2969 semel
631 2910 734 2970 est
775 2906 1002 2971 inbuta
1045 2927 1288 2986 recenS,
1336 2906 1619 2973 servabit
1664 2907 1929 2970 odorem

213 2996 385 3055 testa
431 2991 560 3056 diu.
607 2993 836 3074 quodsi
883 3014 1096 3058 cessas
1141 2999 1256 3057 aut
1299 2998 1599 3058 strenuus
1644 2993 1873 3068 anteiS‚

212 3097 332 3140 nec
376 3077 636 3141 tardum
683 3080 983 3161 opperior
1025 3101 1145 3143 nec
1187 3079 1727 3162 praecedentibus
1770 3079 1957 3143 insto.

1167 3273 1300 3347 III.

215 3420 335 3486 Iuli
377 3421 586 3503 Flore,
634 3425 864 3506 quibus
910 3431 1231 3490 terrarum
1275 3427 1511 3492 militet
1557 3428 1686 3493 oris

219 3507 520 3572 Claudius
564 3510 837 3592 Augusti
882 3513 1226 3594 privignus
1275 3515 1440 3577 scire
1484 3513 1730 3580 laboro,

218 3593 549 3660 Thracane
593 3617 706 3660 vos
750 3598 1132 3680 Hebrusque
1179 3599 1373 3664 nivali
1420 3601 1707 3682 conpede
1753 3601 2022 3680 vinctuS‚

219 3701 302 3745 an
341 3680 511 3746 freta
554 3683 795 3748 vicinas
839 3685 1010 3748 inter
1055 3687 1380 3750 currentia
1423 3692 1653 3766 turreS‚

219 3789 300 3831 an
340 3768 609 3850 pingues
653 3769 846 3834 Asiae
893 3772 1103 3852 campi
1150 3771 1476 3854 collesque
1522 3774 1902 3837 morantur?

219 3853 368 3935 quid
427 3854 717 3918 studiosa
777 3854 1024 3921 cohors.
1051 3877 1315 3938 operum
1363 3859 1601 3923 struit?
1644 3860 1769 3924 hoc
1814 3881 2068 3943 quoque
2116 3882 2287 3925 curo.

2278 266 2391 327 171

2417 410 2501 466 40

2416 841 2499 897 45

2416 1273 2546 1329 50·

2416 1706 2499 1761 55

2416 2141 2497 2196 60

2416 2575 2495 2630 65

2418 3008 2497 3062 70

2459 3784 2494 3837 5
