2784 4319
682 903 1043 1014 CAR
1062 905 1287 1012 MI
1308 905 1434 1012 N
1457 891 1751 1014 ΠΜ

874 1134 1115 1210 ΙᾸΒΕΚ
1170 1132 1539 1212 TERTIUS.

1052 1341 1359 1349 ——--—---

1190 1511 1232 1580 1.

488 1712 612 1776 Odi
654 1713 991 1794 profanum
1035 1713 1255 1794 volgus
1302 1719 1369 1776 et
1413 1733 1619 1776 arce0.

488 1797 695 1864 favete
740 1799 1002 1879 linguis!
1051 1799 1333 1862 carmina
1376 1819 1504 1862 non
1549 1799 1724 1879 prius

574 1884 796 1948 audita
836 1883 1162 1948 Musarum
1208 1885 1510 1948 sacerdos

659 1970 1006 2050 virginibus
1051 1971 1390 2051 puerisque
1437 1974 1644 2032 canto,

364 2139 367 2142 .
488 2109 711 2171 regum
755 2089 1181 2154 timendorum
1224 2089 1289 2150 in
1333 2089 1626 2172 proprios
1672 2105 1915 2169 gregeS‚

488 2196 673 2257 reges
717 2176 783 2239 in
825 2176 998 2259 ipsos
1040 2176 1378 2257 imperium
1421 2179 1522 2239 est
1562 2174 1748 2252 Iovis,

578 2261 733 2324 clari
778 2261 1091 2343 Giganteo
1136 2261 1479 2344 triumpho,

663 2354 891 2411 cuncta
934 2346 1271 2428 supercilio
1315 2347 1645 2409 moventiS.

490 2471 591 2529 est
632 2474 705 2530 ut
747 2468 880 2529 viro
926 2488 1021 2528 vir
1064 2468 1256 2529 latius
1303 2466 1557 2529 ordinet

489 2551 755 2615 arbusta
799 2552 1008 2630 sulciS‚
1050 2552 1157 2615 hic
1201 2551 1571 2632 generosior

579 2638 928 2701 descendat
971 2639 1036 2701 in
1083 2658 1377 2718 campum
1423 2637 1680 2717 petitor,

662 2724 944 2787 moribus
988 2724 1092 2786 hic
1136 2723 1487 2803 meliorque
1532 2722 1705 2786 fama

492 2844 859 2922 contendat,
902 2843 997 2905 illi
1041 2843 1233 2906 turba
1276 2843 1602 2906 clientium

494 2929 579 2991 sit
620 2930 854 2992 maior:
900 2949 1106 3010 aequa
1148 2928 1291 3010 lege
1334 2929 1686 2991 necessitas

584 3015 847 3077 sortitur
889 3015 1167 3097 insignes
1212 3019 1279 3078 et
1318 3014 1502 3091 imos,

667 3120 853 3163 omne
900 3121 1103 3181 capax
1144 3104 1358 3164 movet
1399 3120 1560 3161 urna
1605 3117 1853 3162 nomen.

496 3216 841 3283 destrictus
886 3220 1054 3282 ensis
1100 3219 1204 3283 cui
1244 3238 1440 3299 super
1482 3219 1660 3298 inpia

498 3306 740 3369 cervice
783 3303 1041 3386 pendet,
1085 3324 1215 3367 non
1258 3302 1512 3369 Siculae
1559 3303 1757 3383 dapes

580 3390 831 3453 dulcem
876 3389 1296 3453 elaborabunt
1338 3409 1654 3473 saporem,

664 3496 793 3539 non
836 3476 1047 3539 avium
1093 3475 1504 3555 citharaeque
1550 3479 1774 3537 cantus

497 3614 785 3658 somnum
826 3596 1167 3660 reducent:
1214 3615 1474 3660 somnus
1516 3595 1862 3675 agrestium

494 3679 655 3744 lenis
697 3681 974 3744 virorum
1017 3701 1145 3744 non
1184 3678 1458 3745 humiles
1503 3679 1726 3744 domos

580 3765 830 3845 fastidit
870 3766 1360 3847 umbrosamque
1404 3764 1631 3847 ripam,

666 3872 794 3915 non
836 3852 1139 3935 Zephyris
1182 3854 1430 3934 agitata
1470 3850 1728 3933 Tempe.

2371 2562 2448 2615 10

2369 3022 2447 3075 15

2369 3481 2449 3533 20
