2784 4319
1338 314 1680 354 PRAEFATIO

21 433 279 524 ‘'ssgffs'
310 489 313 492 -
340 453 618 520 ,quaesitis
667 453 901 503 laborem
955 454 1327 518 gravissimum
1372 454 1712 519 iniungerent
1761 453 2218 516 adulescentibuS,
2275 456 2466 518 quibus
2530 453 2682 518 ple-

360 547 587 602 ⁴rumque
622 544 831 603 praeter
866 540 1076 590 lexicon
1110 539 1243 588 nihil
1281 540 1502 590 subsidii
1539 540 1608 589 ad
1644 555 1856 589 manum
1893 546 1990 590 est.
2046 541 2286 590 Eandem
2323 542 2389 591 ob
2426 534 2681 590 'causam

98 677 111 682 ⁴,
176 645 185 686 ξ
356 641 401 674 ⁴a
439 640 521 675 me
565 625 832 690 inpetrare
878 641 985 680 non
1020 626 1185 690 potui,
1235 631 1297 674 ut
1344 625 1638 676 accusativi
1671 626 1892 690 pluralis
1929 626 2124 676 formas
2159 627 2217 676 in
2252 625 2299 675 is
2337 624 2678 676 desinentes

76 695 97 730 '⁴
126 701 311 776 ··.-·3j·'s”·.j
370 709 715 760 admitterem.
789 710 1231 776 Orthographiam
1283 717 1460 764 autem
1495 711 1574 763 ita
1608 711 1832 773 institui,
1869 716 1930 760 ut
1965 727 2000 762 a
2035 713 2272 763 doctrina
2309 711 2681 762 Brambachii

154 789 187 802 ”
246 785 249 794 ’
310 819 328 834 ν
351 797 476 862 ,iam
524 796 722 869 dudum
772 797 966 847 scholis
1015 792 1419 847 adcommodata
1466 797 1572 846 nisi
1618 798 1896 862 perpaucis
1945 797 2078 848 locis
2121 813 2229 847 non
2280 799 2678 849 desciscerem.

578 882 730 942 Quod
766 883 997 941 carmina
1034 883 1207 932 dicola
1243 898 1452 948 quoque
1489 887 1544 932 et
1577 884 1853 934 monocola
1888 884 1965 933 ita
2001 885 2260 949 discripsi,
2296 889 2358 933 ut
2393 899 2676 934 versuum

260 1031 263 1034 ἢ
370 973 742 1032 quaternorum
766 970 1015 1034 strophae
1051 968 1364 1032 efficiantur,
1403 970 1564 1019 nolim
1601 970 1678 1018 sic
1715 970 2124 1034 interpretentur
2159 971 2258 1020 viri
2297 971 2452 1033 docti,
2491 971 2676 1034 quasi

244 1051 249 1060 “
290 1061 293 1064 ’
372 1055 541 1118 legem
587 1055 919 1118 strophicain‚
947 1047 950 1049 ’
976 1046 1134 1119 qu'am
1180 1054 1576 1118 Meinekianam
1621 1062 1830 1118 vocant,
1889 1057 2103 1120 probem
2140 1062 2300 1122 atque
2336 1055 2664 1120 amplectar.

372 1139 499 1190 Feci
531 1141 586 1191 id
622 1141 832 1204 quidem
868 1142 1065 1191 invitus
1102 1131 1158 1192 et
1192 1138 1630 1192 consuetudinem
1661 1143 1830 1206 magis
1865 1145 2116 1205 retinens,
2139 1158 2276 1207 quae
2302 1157 2469 1206 nuper
2505 1143 2672 1206 apud

176 1269 183 1288 ⁴
222 1235 225 1242 '
294 1227 297 1230 ’
374 1227 661 1276 Germanos
699 1229 1029 1292 potissimum
1066 1228 1367 1289 increbruit,
1401 1243 1560 1294 quam
1588 1243 1737 1278 meae
1767 1229 1936 1294 ipsius
1965 1232 2262 1280 sententiae
2293 1228 2670 1278 satisfaciens.

373 1313 529 1363 Nullo
578 1315 719 1363 enim
766 1315 919 1364 modo
968 1313 1097 1364 mihi
1144 1330 1359 1378 possum
1408 1313 1726 1379 persuadere
1761 1315 1838 1364 rei
1875 1321 1983 1365 tam
2019 1315 2302 1380 singularis
2339 1314 2665 1364 memoriam

349 1399 683 1461 ,Neronianis
732 1401 839 1449 iam
886 1399 1211 1464 temporibus
1258 1416 1472 1465 prorsus
1525 1401 1691 1452 fuisse
1738 1400 2109 1450 oblitteratam.
2182 1400 2317 1450 Nam
2346 1400 2411 1448 ,εἰ
2460 1415 2668 1449 conce·

361 1485 543 1547 zdimus
592 1485 872 1535 Horatium
910 1479 1154 1536 ‘carmina
1200 1487 1295 1537 illa
1330 1487 1562 1551 strophis
1600 1492 1974 1551 quaternorum
2008 1503 2258 1536 versuum
2291 1487 2514 1536 iussisse
2551 1486 2660 1536 de-

236 1581 241 1588 ·
288 1577 299 1586 ‘
374 1573 547 1634 scribi,
584 1572 785 1636 aliquot
820 1572 1010 1621 saltem
1036 1572 1243 1623 codices
1282 1577 1334 1622 et
1369 1572 1546 1624 Caesii
1582 1572 1736 1622 Bassi
1773 1577 1948 1622 aetate
1983 1577 2038 1623 et
2073 1578 2194 1636 post
2230 1588 2349 1622 eum
2389 1572 2664 1632 extitisse,

374 1658 464 1724 qui
502 1657 896 1709 distinctionem
930 1658 1077 1708 illam
1112 1673 1239 1722 prae
1278 1674 1335 1708 se
1371 1659 1584 1719 ferrent,
1621 1660 1733 1708 veri
1772 1664 1854 1708 est
1891 1658 2228 1708 simillimum.
2267 1658 2338 1708 At
2372 1673 2498 1708 vero
2537 1673 2661 1706 non
2742 1675 2756 1781 Ι

374 1745 643 1795 extabant.
681 1743 980 1805 Praeterea,
1019 1744 1147 1810 quid
1180 1745 1283 1796 sibi
1318 1745 1452 1796 velit
1485 1746 1590 1795 ista
1613 1745 1715 1806 lex,
1753 1760 1861 1794 non
1883 1744 2056 1794 vide0.
2095 1743 2237 1793 Nihil
2263 1744 2330 1794 ad
2353 1760 2464 1794 rem
2499 1745 2661 1806 facit,

376 1848 495 1882 cum
528 1825 599 1882 ne
634 1846 792 1882 sensu
828 1831 1039 1896 quidem
1074 1836 1169 1882 aut
1204 1832 1633 1896 interpunctione
1669 1830 1909 1896 singulae
1946 1831 2140 1894 ubique
2171 1831 2418 1896 strophae
2456 1831 2664 1880 discer-
2760 1889 2761 1892 Ἴ

375 1923 585 1982 nantur,
612 1918 811 1968 nullam
842 1919 1053 1967 omnino
1090 1923 1259 1967 artem
1294 1933 1488 1972 novam
1525 1933 1587 1966 ac
1623 1919 1961 1982 praecipuam
1999 1914 2199 1980 detegit
2235 1922 2289 1967 et
2322 1917 2658 1977 manifestat,

375 2004 523 2054 nulla
542 2004 767 2068 denique
786 2010 1022 2060 veter-,um
1042 2020 1229 2054 norma
1254 2009 1346 2054 aut
1366 2002 1607 2052 doctrina
1624 2004 1881 2054 innititur.
1923 2001 2064 2052 Casu
2083 2004 2311 2068 quodam
2329 2004 2528 2053 factum
2550 2009 2656 2062 est,
2760 2061 2761 2070 η

375 2096 435 2140 ut
451 2091 643 2156 vig-inti
661 2092 763 2139 tria
788 2091 1022 2141 carmina
1045 2090 1152 2155 legi
1174 2090 1255 2138 illi
1280 2090 1598 2154 respondere
1622 2090 1928 2144 videantur:
1964 2094 2091 2140 sunt
2115 2096 2292 2140 autem
2317 2073 2655 2140 monosticha
2734 2077 2762 2385 1

2759 2310 2761 2333 l

376 2180 622 2242 quinque,
642 2179 743 2227 tria
766 2180 823 2227 in
846 2178 979 2245 libro
1004 2178 1187 2242 primo,
1206 2193 1371 2227 unum
1390 2178 1447 2226 in
1463 2178 1637 2239 terti0,
1667 2193 1832 2227 unum
1864 2178 1924 2247 in,
1945 2182 2160 2242 quarto;
2199 2177 2426 2228 disticha
2451 2176 2656 2226 duode—

292 2286 301 2295 ··
365 2264 581 2328 viginti,
608 2268 725 2313 octo
760 2266 817 2313 in
854 2264 985 2314 libro
1021 2264 1206 2328 primo,
1242 2269 1409 2313 unum
1443 2265 1501 2316 in
1536 2264 1782 2326 secundO,
1813 2280 1918 2331 sex·
1940 2263 1998 2326 in
2032 2263 2206 2326 terti0,
2236 2263 2338 2313 tria
2363 2264 2419 2311 in
2445 2268 2652 2326 quarto,

378 2351 581 2410 Quibus
606 2355 867 2416 repugnat
892 2366 1103 2401 carmen
1126 2350 1513 2401 monostichum
1535 2350 1629 2412 IV,
1666 2352 1715 2411 8,
1755 2352 1810 2399 in
1842 2350 1998 2399 dubio
2031 2349 2346 2414 relinquitur
2377 2365 2422 2397 c.
2443 2346 2541 2411 ΠΙ,
2569 2351 2651 2397 12.

378 2437 448 2485 Et
495 2436 727 2485 carmina
777 2437 988 2499 quidem
1038 2436 1264 2487 disticha
1311 2436 1674 2501 duodeviginti
1722 2440 1800 2487 ita
1861 2452 1977 2487 esse
2027 2441 2316 2501 conparata
2363 2451 2470 2485 non
2519 2435 2654 2483 adeo
2743 2443 2755 2515 Ι

376 2522 595 2585 mireris,
665 2522 710 2571 si
766 2522 1179 2573 consideraveris
1244 2521 1488 2587 Sapphus
1555 2523 1669 2573 odis
1721 2522 1845 2573 libri
1911 2523 2131 2575 secundi
2185 2528 2238 2572 et
2281 2521 2422 2571 tertii
2482 2522 2650 2570 omni-

378 2612 475 2661 bus
524 2608 695 2659 simile
744 2608 870 2673 quid
919 2607 1177 2661 evenisse.
1248 2610 1500 2675 Legimus
1551 2611 1691 2659 enim
1739 2609 1880 2674 apud
1927 2608 2382 2673 Hephaestionem
2430 2622 2480 2671 p.
2521 2608 2650 2655 116:
2742 2562 2754 2671 1

379 2692 622 2759 σύστημα
660 2694 722 2744 δέ
760 2694 871 2758 ἐστι
906 2696 1111 2763 μέτρων
1152 2689 1428 2759 συναγωγή
1467 2730 1480 2744 .
1521 2730 1535 2745 .
1573 2732 1586 2745 .
1621 2688 1652 2759 ἢ
1693 2688 1888 2751 ὁμοίων
1936 2688 1966 2760 ἢ
2005 2689 2271 2749 ἀνομοίων
2309 2730 2324 2746 .
2361 2732 2376 2747 .
2413 2729 2426 2743 .
2479 2687 2545 2740 τὸ
2587 2692 2651 2739 δὲ

302 2819 311 2833 .
380 2782 434 2836 ἐξ
471 2776 683 2840 ὁμοίων,
735 2776 803 2832 ὥς·
846 2776 923 2829 τὸ
970 2776 1315 2849 ,δεύτερον
1364 2782 1650 2838 Σαπφοῦς,
1704 2775 1770 2833 ὦς·
1805 2776 2090 2845 προϊόντες
2127 2778 2385 2837 δείξομεν.
2423 2795 2473 2844 p.
2521 2779 2650 2827 117:
2743 2730 2756 2862 Ι

380 2863 527 2918 κοινοὶ
570 2866 633 2916 δὲ
672 2863 1065 2932 συστηματικοί,
1108 2860 1249 2936 ἅπερ
1290 2867 1381 2916 καὶ
1421 2863 1448 2915 ὁ
1487 2864 1627 2916 κατα
1671 2866 1856 2927 στίχον
1893 2863 2206 2933 γεγράφθαι
2241 2862 2456 2923 φάσκων
2495 2858 2652 2925 τῗγιῶς
2744 2865 2757 2969 ⁴

322 3006 327 3011 ,
381 2950 445 3004 ἄν
482 2955 645 3016 λέγοι,
684 2953 775 3004 καὶ
814 2948 843 3003 ὁ
884 2952 1025 3003 κατοὶ
1064 2951 1327 3019 σύστημα·
1368 2948 1436 3005 ὥς
1471 2950 1550 3003 τὸ
1591 2950 1908 3020 δεύτερον
1947 2952 2060 3001 καὶ
2093 2949 2341 3019 τρίτον
2367 2950 2648 3007 Σαπφοῦς.
2759 3000 2761 3015 3

382 3036 479 3089 διοὶ
514 3040 610 3099 μὲν
644 3034 752 3109 γὰρ
788 3035 855 3090 to*
878 3039 931 3091 ἐν
953 3044 1071 3093 τοῖς
1105 3040 1363 3093 παλαιοῖς
1401 3034 1758 3105 ἀντιγράφοις
1783 3036 1926 3087 κατὰ
1965 3034 2066 3087 δύο
2107 3032 2242 3105 ὁρᾶν
2267 3054 2652 3106 παραγεγραμ-

378 3130 533 3185 μένον
560 3124 781 3177 ἕκαστον
819 3114 985 3193 ᾆσμα,
1024 3127 1115 3177 καὶ
1152 3128 1233 3177 ἔτι
1270 3124 1369 3176 διαὶ
1392 3121 1472 3175 ’τὸ
1503 3126 1670 3192 μηδὲν
1707 3121 2056 3193 εὑρίσκεσθαι
2093 3120 2341 3193 ἀριθμοῦ
2371 3124 2651 3191 περιττοῦ,
2756 3132 2758 3135 ’

319 3217 324 3224 ’
381 3210 521 3263 κατὰ
560 3208 880 3277 συστήματα
913 3212 1196 3271 νομίζομεν
1234 3208 1385 3262 αὐτοὶ
1421 3208 1754 3279 γεγράφθαι·
1781 3206 1950 3259 πάλιν
1990 3208 2053 3259 δὲ
2079 3210 2156 3275 τῷ
2191 3204 2375 3267 ὅμοιον
2405 3205 2650 3276 ἑκάτερον

382 3290 660 3350 εἶναιτῶν
698 3300 749 3349 ἐν
784 3298 855 3369 τῇ
893 3295 1065 3349 δυάδι
1104 3298 1315 3363 στίχων,
1354 3298 1545 3363 καὶτῷ
1567 3295 1850 3347 δύνασθαι
1879 3292 1978 3359 τὴν
2002 3293 2299 3364 ποιήτριαν
2323 3292 2464 3345 κατοὶ
2482 3292 2650 3360 τύχην

381 3383 507 3437 τινα
544 3383 741 3455 ἀρτίου
779 3383 965 3435 πάντα
1004 3381 1257 3453 ἀριθμοῦ
1292 3386 1660 3447 πεποιηκέναι,
1701 3382 1832 3447 φαίη
1872 3378 1938 3433 α”ν
1975 3398 2060 3434 τις·
2097 3378 2243 3431 κατοὶ
2277 3381 2465 3441 στίχον
2503 3376 2644 3431 αὐτοὶ

380 3469 709 3541 γεγράφθαι.
781 3473 944 3524 Vides
993 3474 1273 3538 scriptores
1336 3470 1580 3519 metricos
1631 3469 1860 3519 Graecos
1916 3471 2227 3520 observasse
2280 3469 2491 3533 quidem
2542 3468 2646 3518 tale

381 3560 507 3625 quid
560 3560 616 3608 in
666 3560 863 3624 lyriciS,
914 3559 1009 3609 sed
1063 3573 1379 3623 quamquam
1441 3556 1819 3622 exemplarium
1866 3563 2103 3607 veterum
2161 3558 2476 3607 auctoritate
2523 3557 2646 3604 satis

382 3647 773 3707 adiuvarentur,
820 3651 999 3695 tamen
1051 3661 1159 3694 non
1207 3660 1364 3695 ausos
1412 3659 1530 3695 esse
1579 3643 1754 3709 legem
1790 3649 1987 3694 certam
2035 3644 2280 3709 omnique
2328 3643 2646 3693 dubitatione

382 3738 680 3796 exemptam
716 3737 965 3793 statuere,
1002 3730 1097 3781 sed
1135 3725 1275 3779 κατοὶ
1312 3726 1489 3795 τύχην
1526 3726 1651 3779 τινά
1685 3731 1762 3781 ita
1797 3731 2032 3796 potuisse
2054 3730 2167 3781 fieri
2194 3730 2405 3780 omnino
2429 3744 2535 3779 non
2556 3744 2643 3777 ne-

384 3834 555 3884 gasse.
602 3817 739 3867 Ut-ut
771 3831 896 3866 vero
932 3815 1039 3867 ista
1071 3832 1155 3867 res
1194 3832 1251 3865 se
1286 3816 1464 3876 habet,
1511 3816 1565 3865 id
1604 3832 1668 3867 ex
1705 3817 2114 3882 Hephaestionis
2153 3817 2328 3867 verbis
2365 3814 2643 3865 rectissime

384 3903 712 3954 concluditur
758 3901 1081 3965 strophicam
1128 3904 1275 3953 illam
1322 3904 1564 3953 binorum
1609 3919 1859 3954 versuum
1907 3904 2297 3955 distinctionem
2345 3918 2440 3966 per
2492 3900 2645 3949 multa
