<?xml version="1.0" encoding="UTF-8"?>
<!DOCTYPE html PUBLIC "-//W3C//DTD XHTML 1.0 Transitional//EN"
    "http://www.w3.org/TR/xhtml1/DTD/xhtml1-transitional.dtd">
<html xmlns="http://www.w3.org/1999/xhtml" xml:lang="en" lang="en">
 <head>
  <title>
</title>
<meta http-equiv="Content-Type" content="text/html;charset=utf-8" />
  <meta name='ocr-system' content='tesseract 3.04.00' />
  <meta name='ocr-capabilities' content='ocr_page ocr_carea ocr_par ocr_line ocrx_word'/>
</head>
<body>
  <div class='ocr_page' id='page_1' title='image "./qhoratiiflaccic00petsgoog_0113.png"; bbox 0 0 2784 4319; ppageno 0'>
   <div class='ocr_carea' id='block_1_1' title="bbox 1009 203 1467 257">
    <p class='ocr_par' dir='ltr' id='par_1_1' title="bbox 1009 203 1467 257">
     <span class='ocr_line' id='line_1_1' title="bbox 1009 203 1467 257; baseline -0.013 0"><span class='ocrx_word' id='word_1_1' title='bbox 1009 203 1144 257; x_wconf 89' lang='lat' dir='ltr'><strong>LIB.</strong></span> <span class='ocrx_word' id='word_1_2' title='bbox 1181 203 1274 255; x_wconf 86' lang='lat' dir='ltr'>IV.</span> <span class='ocrx_word' id='word_1_3' title='bbox 1311 203 1467 251; x_wconf 75' lang='lat' dir='ltr'>1v-&#39;-v</span> 
     </span>
    </p>
   </div>
   <div class='ocr_carea' id='block_1_2' title="bbox 1215 344 1332 418">
    <p class='ocr_par' dir='ltr' id='par_1_2' title="bbox 1215 344 1332 418">
     <span class='ocr_line' id='line_1_2' title="bbox 1215 344 1332 418; baseline 0.009 -1"><span class='ocrx_word' id='word_1_4' title='bbox 1215 344 1332 418; x_wconf 65' lang='lat' dir='ltr'>V,</span> 
     </span>
    </p>
   </div>
   <div class='ocr_carea' id='block_1_3' title="bbox 542 474 1898 821">
    <p class='ocr_par' dir='ltr' id='par_1_3' title="bbox 547 474 1795 563">
     <span class='ocr_line' id='line_1_3' title="bbox 547 474 1795 563; baseline 0.002 -26"><span class='ocrx_word' id='word_1_5' title='bbox 547 474 716 539; x_wconf 83' lang='lat' dir='ltr'>Divis</span> <span class='ocrx_word' id='word_1_6' title='bbox 761 484 900 543; x_wconf 86' lang='lat' dir='ltr'>orte</span> <span class='ocrx_word' id='word_1_7' title='bbox 946 478 1150 559; x_wconf 85' lang='lat' dir='ltr'>bonis,</span> <span class='ocrx_word' id='word_1_8' title='bbox 1197 480 1440 563; x_wconf 85' lang='lat' dir='ltr'>optime</span> <span class='ocrx_word' id='word_1_9' title='bbox 1484 477 1795 562; x_wconf 84' lang='lat' dir='ltr'>Romulae</span> 
     </span>
    </p>

    <p class='ocr_par' dir='ltr' id='par_1_4' title="bbox 545 562 1898 646">
     <span class='ocr_line' id='line_1_4' title="bbox 545 562 1898 646; baseline -0.001 -20"><span class='ocrx_word' id='word_1_10' title='bbox 545 569 754 627; x_wconf 87' lang='lat' dir='ltr'>custos</span> <span class='ocrx_word' id='word_1_11' title='bbox 799 566 1026 646; x_wconf 83' lang='lat' dir='ltr'>gentis,</span> <span class='ocrx_word' id='word_1_12' title='bbox 1073 566 1227 631; x_wconf 89' lang='lat' dir='ltr'>abes</span> <span class='ocrx_word' id='word_1_13' title='bbox 1272 568 1403 631; x_wconf 88' lang='lat' dir='ltr'>iam</span> <span class='ocrx_word' id='word_1_14' title='bbox 1445 564 1711 628; x_wconf 87' lang='lat' dir='ltr'>nimium</span> <span class='ocrx_word' id='word_1_15' title='bbox 1756 562 1898 643; x_wconf 78' lang='lat' dir='ltr'>diu:</span> 
     </span>
    </p>

    <p class='ocr_par' dir='ltr' id='par_1_5' title="bbox 542 649 1857 821">
     <span class='ocr_line' id='line_1_5' title="bbox 542 649 1857 735; baseline -0.001 -23"><span class='ocrx_word' id='word_1_16' title='bbox 542 656 862 713; x_wconf 82' lang='lat' dir='ltr'>maturum</span> <span class='ocrx_word' id='word_1_17' title='bbox 904 652 1183 716; x_wconf 91' lang='lat' dir='ltr'>reditum</span> <span class='ocrx_word' id='word_1_18' title='bbox 1226 649 1555 735; x_wconf 74' lang='lat' dir='ltr'><strong>pollicitus</strong></span> <span class='ocrx_word' id='word_1_19' title='bbox 1598 655 1857 731; x_wconf 86' lang='lat' dir='ltr'>patrum</span> 
     </span>
     <span class='ocr_line' id='line_1_6' title="bbox 713 738 1479 821; baseline -0.001 -20"><span class='ocrx_word' id='word_1_20' title='bbox 713 742 935 801; x_wconf 82' lang='lat' dir='ltr'>sancto</span> <span class='ocrx_word' id='word_1_21' title='bbox 983 740 1276 821; x_wconf 85' lang='lat' dir='ltr'>concilio,</span> <span class='ocrx_word' id='word_1_22' title='bbox 1320 738 1479 802; x_wconf 92' lang='lat' dir='ltr'>redi.</span> 
     </span>
    </p>
   </div>
   <div class='ocr_carea' id='block_1_4' title="bbox 541 856 1949 939">
    <p class='ocr_par' dir='ltr' id='par_1_6' title="bbox 541 856 1949 939">
     <span class='ocr_line' id='line_1_7' title="bbox 541 856 1949 939; baseline 0.001 -19"><span class='ocrx_word' id='word_1_23' title='bbox 541 856 750 921; x_wconf 85' lang='lat' dir='ltr'>lucem</span> <span class='ocrx_word' id='word_1_24' title='bbox 792 860 992 923; x_wconf 89' lang='lat' dir='ltr'>redde</span> <span class='ocrx_word' id='word_1_25' title='bbox 1038 866 1210 938; x_wconf 88' lang='lat' dir='ltr'>tuae,</span> <span class='ocrx_word' id='word_1_26' title='bbox 1259 860 1390 924; x_wconf 87' lang='lat' dir='ltr'>dux</span> <span class='ocrx_word' id='word_1_27' title='bbox 1432 859 1620 937; x_wconf 92' lang='lat' dir='ltr'>bone,</span> <span class='ocrx_word' id='word_1_28' title='bbox 1665 858 1949 939; x_wconf 73' lang='lat' dir='ltr'>patriaez</span> 
     </span>
    </p>
   </div>
   <div class='ocr_carea' id='block_1_5' title="bbox 540 944 1801 1184">
    <p class='ocr_par' dir='ltr' id='par_1_7' title="bbox 540 944 1801 1184">
     <span class='ocr_line' id='line_1_8' title="bbox 540 944 1766 1011; baseline 0 -5"><span class='ocrx_word' id='word_1_29' title='bbox 540 944 743 1007; x_wconf 87' lang='lat' dir='ltr'>instar</span> <span class='ocrx_word' id='word_1_30' title='bbox 784 946 950 1010; x_wconf 76' lang='lat' dir='ltr'>veris</span> <span class='ocrx_word' id='word_1_31' title='bbox 996 948 1166 1011; x_wconf 90' lang='lat' dir='ltr'>enim</span> <span class='ocrx_word' id='word_1_32' title='bbox 1210 946 1419 1010; x_wconf 83' lang='lat' dir='ltr'>voltus</span> <span class='ocrx_word' id='word_1_33' title='bbox 1463 944 1573 1007; x_wconf 93' lang='lat' dir='ltr'>ubi</span> <span class='ocrx_word' id='word_1_34' title='bbox 1618 949 1766 1007; x_wconf 89' lang='lat' dir='ltr'>tuus</span> 
     </span>
     <span class='ocr_line' id='line_1_9' title="bbox 541 1030 1801 1117; baseline -0.001 -24"><span class='ocrx_word' id='word_1_35' title='bbox 541 1030 804 1097; x_wconf 77' lang='lat' dir='ltr'>adfulsit</span> <span class='ocrx_word' id='word_1_36' title='bbox 845 1032 1106 1115; x_wconf 89' lang='lat' dir='ltr'>populo,</span> <span class='ocrx_word' id='word_1_37' title='bbox 1153 1033 1399 1117; x_wconf 85' lang='lat' dir='ltr'>gratior</span> <span class='ocrx_word' id='word_1_38' title='bbox 1442 1032 1495 1094; x_wconf 86' lang='lat' dir='ltr'>it</span> <span class='ocrx_word' id='word_1_39' title='bbox 1542 1030 1678 1094; x_wconf 88' lang='lat' dir='ltr'>dies</span> <span class='ocrx_word' id='word_1_40' title='bbox 1796 1106 1801 1111; x_wconf 23' lang='lat'>⁸</span> 
     </span>
     <span class='ocr_line' id='line_1_10' title="bbox 713 1118 1684 1184; baseline -0.002 -3"><span class='ocrx_word' id='word_1_41' title='bbox 713 1122 780 1181; x_wconf 93' lang='lat' dir='ltr'>et</span> <span class='ocrx_word' id='word_1_42' title='bbox 824 1118 992 1183; x_wconf 90' lang='lat' dir='ltr'>soles</span> <span class='ocrx_word' id='word_1_43' title='bbox 1036 1118 1264 1183; x_wconf 88' lang='lat' dir='ltr'>melius</span> <span class='ocrx_word' id='word_1_44' title='bbox 1308 1119 1534 1184; x_wconf 79' lang='lat' dir='ltr'><strong>nitent.</strong></span> <span class='ocrx_word' id='word_1_45' title='bbox 1679 1150 1684 1154; x_wconf 94' lang='lat'>·</span> 
     </span>
    </p>
   </div>
   <div class='ocr_carea' id='block_1_6' title="bbox 539 1234 1965 1575">
    <p class='ocr_par' dir='ltr' id='par_1_8' title="bbox 539 1234 1965 1321">
     <span class='ocr_line' id='line_1_11' title="bbox 539 1234 1965 1321; baseline -0.003 -20"><span class='ocrx_word' id='word_1_46' title='bbox 539 1243 614 1301; x_wconf 92' lang='lat' dir='ltr'>ut</span> <span class='ocrx_word' id='word_1_47' title='bbox 654 1243 865 1302; x_wconf 88' lang='lat' dir='ltr'>mater</span> <span class='ocrx_word' id='word_1_48' title='bbox 907 1240 1220 1319; x_wconf 81' lang='lat' dir='ltr'>iuvenem,</span> <span class='ocrx_word' id='word_1_49' title='bbox 1267 1260 1459 1321; x_wconf 88' lang='lat' dir='ltr'>quem</span> <span class='ocrx_word' id='word_1_50' title='bbox 1502 1237 1707 1302; x_wconf 88' lang='lat' dir='ltr'>Notus</span> <span class='ocrx_word' id='word_1_51' title='bbox 1752 1234 1965 1298; x_wconf 83' lang='lat' dir='ltr'>invido</span> 
     </span>
    </p>

    <p class='ocr_par' dir='ltr' id='par_1_9' title="bbox 539 1322 1883 1407">
     <span class='ocr_line' id='line_1_12' title="bbox 539 1322 1883 1407; baseline -0.002 -21"><span class='ocrx_word' id='word_1_52' title='bbox 539 1322 698 1387; x_wconf 89' lang='lat' dir='ltr'>flatu</span> <span class='ocrx_word' id='word_1_53' title='bbox 743 1322 1078 1407; x_wconf 80' lang='lat' dir='ltr'>Carpathii</span> <span class='ocrx_word' id='word_1_54' title='bbox 1125 1330 1302 1389; x_wconf 88' lang='lat' dir='ltr'>trans</span> <span class='ocrx_word' id='word_1_55' title='bbox 1346 1325 1544 1388; x_wconf 89' lang='lat' dir='ltr'>maris</span> <span class='ocrx_word' id='word_1_56' title='bbox 1590 1334 1883 1404; x_wconf 90' lang='lat' dir='ltr'>aequora</span> 
     </span>
    </p>

    <p class='ocr_par' dir='ltr' id='par_1_10' title="bbox 541 1412 1875 1575">
     <span class='ocr_line' id='line_1_13' title="bbox 541 1412 1875 1494; baseline -0.001 -22"><span class='ocrx_word' id='word_1_57' title='bbox 541 1415 948 1475; x_wconf 80' lang='lat' dir='ltr'>cunctantem</span> <span class='ocrx_word' id='word_1_58' title='bbox 992 1414 1202 1494; x_wconf 89' lang='lat' dir='ltr'>spatio</span> <span class='ocrx_word' id='word_1_59' title='bbox 1246 1412 1498 1492; x_wconf 86' lang='lat' dir='ltr'>longius</span> <span class='ocrx_word' id='word_1_60' title='bbox 1543 1428 1753 1473; x_wconf 87' lang='lat' dir='ltr'>annuo</span> <span class='ocrx_word' id='word_1_61' title='bbox 1869 1452 1875 1456; x_wconf 94' lang='lat'><em>-</em></span> 
     </span>
     <span class='ocr_line' id='line_1_14' title="bbox 714 1496 1539 1575; baseline 0.004 -17"><span class='ocrx_word' id='word_1_62' title='bbox 714 1496 886 1559; x_wconf 90' lang='lat' dir='ltr'>dulci</span> <span class='ocrx_word' id='word_1_63' title='bbox 931 1498 1198 1561; x_wconf 87' lang='lat' dir='ltr'>distinet</span> <span class='ocrx_word' id='word_1_64' title='bbox 1241 1518 1283 1561; x_wconf 90' lang='lat' dir='ltr'>a</span> <span class='ocrx_word' id='word_1_65' title='bbox 1327 1496 1539 1575; x_wconf 80' lang='lat' dir='ltr'>dome,</span> 
     </span>
    </p>
   </div>
   <div class='ocr_carea' id='block_1_7' title="bbox 537 1608 1933 1783">
    <p class='ocr_par' dir='ltr' id='par_1_11' title="bbox 537 1608 1933 1783">
     <span class='ocr_line' id='line_1_15' title="bbox 537 1608 1933 1700; baseline -0.001 -23"><span class='ocrx_word' id='word_1_66' title='bbox 537 1618 702 1680; x_wconf 84' lang='lat' dir='ltr'>votis</span> <span class='ocrx_word' id='word_1_67' title='bbox 748 1618 1192 1700; x_wconf 80' lang='lat' dir='ltr'>ominibusque</span> <span class='ocrx_word' id='word_1_68' title='bbox 1239 1624 1304 1681; x_wconf 88' lang='lat' dir='ltr'>et</span> <span class='ocrx_word' id='word_1_69' title='bbox 1347 1614 1647 1699; x_wconf 76' lang='lat' dir='ltr'>precibus</span> <span class='ocrx_word' id='word_1_70' title='bbox 1692 1608 1933 1691; x_wconf 45' lang='lat' dir='ltr'>vocat,</span> 
     </span>
     <span class='ocr_line' id='line_1_16' title="bbox 541 1702 1827 1783; baseline -0.002 -18"><span class='ocrx_word' id='word_1_71' title='bbox 541 1724 733 1766; x_wconf 82' lang='lat' dir='ltr'>curvo</span> <span class='ocrx_word' id='word_1_72' title='bbox 778 1724 898 1766; x_wconf 91' lang='grc'><strong>1166</strong></span> <span class='ocrx_word' id='word_1_73' title='bbox 942 1702 1174 1768; x_wconf 82' lang='lat' dir='ltr'>faciem</span> <span class='ocrx_word' id='word_1_74' title='bbox 1218 1704 1409 1767; x_wconf 89' lang='lat' dir='ltr'>litore</span> <span class='ocrx_word' id='word_1_75' title='bbox 1454 1703 1779 1765; x_wconf 83' lang='lat' dir='ltr'>demovet:</span> <span class='ocrx_word' id='word_1_76' title='bbox 1822 1778 1827 1783; x_wconf 89' lang='lat'><em>.</em></span> 
     </span>
    </p>
   </div>
   <div class='ocr_carea' id='block_1_8' title="bbox 539 1787 1634 1957">
    <p class='ocr_par' dir='ltr' id='par_1_12' title="bbox 539 1787 1634 1957">
     <span class='ocr_line' id='line_1_17' title="bbox 539 1787 1528 1854; baseline 0.001 -4"><span class='ocrx_word' id='word_1_77' title='bbox 539 1789 630 1851; x_wconf 87' lang='lat' dir='ltr'>sic</span> <span class='ocrx_word' id='word_1_78' title='bbox 676 1789 1010 1853; x_wconf 85' lang='lat' dir='ltr'>desideriis</span> <span class='ocrx_word' id='word_1_79' title='bbox 1053 1790 1186 1853; x_wconf 84' lang='lat' dir='ltr'>icta</span> <span class='ocrx_word' id='word_1_80' title='bbox 1229 1787 1528 1854; x_wconf 89' lang='lat' dir='ltr'>fidelibus</span> 
     </span>
     <span class='ocr_line' id='line_1_18' title="bbox 713 1874 1634 1957; baseline -0.002 -19"><span class='ocrx_word' id='word_1_81' title='bbox 713 1876 968 1955; x_wconf 89' lang='lat' dir='ltr'>quaerit</span> <span class='ocrx_word' id='word_1_82' title='bbox 1011 1876 1227 1957; x_wconf 85' lang='lat' dir='ltr'>patria</span> <span class='ocrx_word' id='word_1_83' title='bbox 1256 1874 1634 1939; x_wconf 79' lang='lat' dir='ltr'>Caesarem.</span> 
     </span>
    </p>
   </div>
   <div class='ocr_carea' id='block_1_9' title="bbox 542 1993 1908 2335">
    <p class='ocr_par' dir='ltr' id='par_1_13' title="bbox 543 1993 1835 2076">
     <span class='ocr_line' id='line_1_19' title="bbox 543 1993 1835 2076; baseline -0.001 -19"><span class='ocrx_word' id='word_1_84' title='bbox 543 1999 722 2058; x_wconf 81' lang='lat' dir='ltr'>tutus</span> <span class='ocrx_word' id='word_1_85' title='bbox 766 1994 884 2058; x_wconf 92' lang='lat' dir='ltr'>bos</span> <span class='ocrx_word' id='word_1_86' title='bbox 933 1996 1169 2058; x_wconf 84' lang='lat' dir='ltr'>etenim</span> <span class='ocrx_word' id='word_1_87' title='bbox 1213 2017 1365 2067; x_wconf 88' lang='lat' dir='ltr'>rura</span> <span class='ocrx_word' id='word_1_88' title='bbox 1408 1993 1835 2076; x_wconf 84' lang='lat' dir='ltr'>perambulat,</span> 
     </span>
    </p>

    <p class='ocr_par' dir='ltr' id='par_1_14' title="bbox 542 2078 1908 2163">
     <span class='ocr_line' id='line_1_20' title="bbox 542 2078 1908 2163; baseline -0.001 -21"><span class='ocrx_word' id='word_1_89' title='bbox 542 2080 747 2143; x_wconf 88' lang='lat' dir='ltr'>nutrit</span> <span class='ocrx_word' id='word_1_90' title='bbox 789 2102 942 2144; x_wconf 90' lang='lat' dir='ltr'>rura</span> <span class='ocrx_word' id='word_1_91' title='bbox 987 2080 1178 2145; x_wconf 88' lang='lat' dir='ltr'>Ceres</span> <span class='ocrx_word' id='word_1_92' title='bbox 1224 2080 1520 2163; x_wconf 89' lang='lat' dir='ltr'>almaque</span> <span class='ocrx_word' id='word_1_93' title='bbox 1564 2078 1908 2157; x_wconf 83' lang='lat' dir='ltr'>Faustitas,</span> 
     </span>
    </p>

    <p class='ocr_par' dir='ltr' id='par_1_15' title="bbox 542 2167 1861 2335">
     <span class='ocr_line' id='line_1_21' title="bbox 542 2167 1861 2250; baseline -0.002 -20"><span class='ocrx_word' id='word_1_94' title='bbox 542 2173 845 2247; x_wconf 85' lang='lat' dir='ltr'>pacatum</span> <span class='ocrx_word' id='word_1_95' title='bbox 888 2167 1164 2232; x_wconf 84' lang='lat' dir='ltr'>volitant</span> <span class='ocrx_word' id='word_1_96' title='bbox 1204 2187 1323 2250; x_wconf 88' lang='lat' dir='ltr'>per</span> <span class='ocrx_word' id='word_1_97' title='bbox 1366 2188 1542 2230; x_wconf 86' lang='lat' dir='ltr'>mare</span> <span class='ocrx_word' id='word_1_98' title='bbox 1588 2168 1861 2243; x_wconf 83' lang='lat' dir='ltr'>navitae,</span> 
     </span>
     <span class='ocr_line' id='line_1_22' title="bbox 717 2253 1463 2335; baseline 0 -19"><span class='ocrx_word' id='word_1_99' title='bbox 717 2253 964 2335; x_wconf 86' lang='lat' dir='ltr'>culpari</span> <span class='ocrx_word' id='word_1_100' title='bbox 1007 2255 1241 2317; x_wconf 90' lang='lat' dir='ltr'>metuit</span> <span class='ocrx_word' id='word_1_101' title='bbox 1281 2253 1463 2332; x_wconf 82' lang='lat' dir='ltr'>fides,</span> 
     </span>
    </p>
   </div>
   <div class='ocr_carea' id='block_1_10' title="bbox 543 2373 1885 2455">
    <p class='ocr_par' dir='ltr' id='par_1_16' title="bbox 543 2373 1885 2455">
     <span class='ocr_line' id='line_1_23' title="bbox 543 2373 1885 2455; baseline 0 -20"><span class='ocrx_word' id='word_1_102' title='bbox 543 2373 734 2443; x_wconf 85' lang='lat' dir='ltr'>nullis</span> <span class='ocrx_word' id='word_1_103' title='bbox 777 2373 1090 2455; x_wconf 88' lang='lat' dir='ltr'>polluitur</span> <span class='ocrx_word' id='word_1_104' title='bbox 1135 2380 1316 2438; x_wconf 87' lang='lat' dir='ltr'>casta</span> <span class='ocrx_word' id='word_1_105' title='bbox 1359 2375 1585 2437; x_wconf 88' lang='lat' dir='ltr'>domus</span> <span class='ocrx_word' id='word_1_106' title='bbox 1632 2374 1885 2454; x_wconf 79' lang='lat' dir='ltr'>stupriS,</span> 
     </span>
    </p>
   </div>
   <div class='ocr_carea' id='block_1_11' title="bbox 545 2457 1964 2534">
    <p class='ocr_par' dir='ltr' id='par_1_17' title="bbox 545 2457 1964 2534">
     <span class='ocr_line' id='line_1_24' title="bbox 545 2457 1964 2534; baseline -0.001 -13"><span class='ocrx_word' id='word_1_107' title='bbox 545 2479 685 2522; x_wconf 90' lang='lat' dir='ltr'>mos</span> <span class='ocrx_word' id='word_1_108' title='bbox 731 2465 797 2523; x_wconf 90' lang='lat' dir='ltr'>et</span> <span class='ocrx_word' id='word_1_109' title='bbox 839 2460 946 2523; x_wconf 84' lang='lat' dir='ltr'>lex</span> <span class='ocrx_word' id='word_1_110' title='bbox 989 2459 1387 2524; x_wconf 85' lang='lat' dir='ltr'>maculosum</span> <span class='ocrx_word' id='word_1_111' title='bbox 1435 2460 1723 2524; x_wconf 90' lang='lat' dir='ltr'>edomuit</span> <span class='ocrx_word' id='word_1_112' title='bbox 1765 2457 1964 2534; x_wconf 77' lang='lat' dir='ltr'>nefaS,</span> 
     </span>
    </p>
   </div>
   <div class='ocr_carea' id='block_1_12' title="bbox 433 2544 1785 2712">
    <p class='ocr_par' dir='ltr' id='par_1_18' title="bbox 433 2544 1785 2712">
     <span class='ocr_line' id='line_1_25' title="bbox 433 2544 1771 2627; baseline -0.001 -19"><span class='ocrx_word' id='word_1_113' title='bbox 433 2545 441 2555; x_wconf 86' lang='lat'>&#39;</span> <span class='ocrx_word' id='word_1_114' title='bbox 541 2544 890 2609; x_wconf 85' lang='lat' dir='ltr'>laudantur</span> <span class='ocrx_word' id='word_1_115' title='bbox 933 2545 1125 2612; x_wconf 89' lang='lat' dir='ltr'>simili</span> <span class='ocrx_word' id='word_1_116' title='bbox 1167 2545 1362 2627; x_wconf 86' lang='lat' dir='ltr'>prole.</span> <span class='ocrx_word' id='word_1_117' title='bbox 1395 2565 1771 2627; x_wconf 84' lang='lat' dir='ltr'>puerperae,</span> 
     </span>
     <span class='ocr_line' id='line_1_26' title="bbox 719 2629 1785 2712; baseline -0.002 -17"><span class='ocrx_word' id='word_1_118' title='bbox 719 2631 973 2712; x_wconf 84' lang='lat' dir='ltr'>culpam</span> <span class='ocrx_word' id='word_1_119' title='bbox 1017 2653 1226 2712; x_wconf 84' lang='lat' dir='ltr'>poena</span> <span class='ocrx_word' id='word_1_120' title='bbox 1269 2629 1507 2712; x_wconf 79' lang='lat' dir='ltr'>premit</span> <span class='ocrx_word' id='word_1_121' title='bbox 1552 2651 1785 2694; x_wconf 77' lang='lat' dir='ltr'>comes·</span> 
     </span>
    </p>
   </div>
   <div class='ocr_carea' id='block_1_13' title="bbox 537 2747 2227 2918">
    <p class='ocr_par' dir='ltr' id='par_1_19' title="bbox 537 2747 2227 2918">
     <span class='ocr_line' id='line_1_27' title="bbox 537 2747 2227 2834; baseline -0.002 -22"><span class='ocrx_word' id='word_1_122' title='bbox 537 2750 682 2830; x_wconf 85' lang='lat' dir='ltr'>quis</span> <span class='ocrx_word' id='word_1_123' title='bbox 750 2750 1062 2815; x_wconf 87' lang='lat' dir='ltr'>Parthum</span> <span class='ocrx_word' id='word_1_124' title='bbox 1107 2758 1358 2834; x_wconf 81' lang='lat' dir='ltr'>paveat,</span> <span class='ocrx_word' id='word_1_125' title='bbox 1412 2752 1553 2832; x_wconf 89' lang='lat' dir='ltr'>quis</span> <span class='ocrx_word' id='word_1_126' title='bbox 1600 2748 1881 2832; x_wconf 86' lang='lat' dir='ltr'>gelidum</span> <span class='ocrx_word' id='word_1_127' title='bbox 1920 2747 2227 2831; x_wconf 69' lang='lat' dir='ltr'>Scythen,</span> 
     </span>
     <span class='ocr_line' id='line_1_28' title="bbox 544 2835 2006 2918; baseline -0.003 -18"><span class='ocrx_word' id='word_1_128' title='bbox 544 2837 687 2917; x_wconf 83' lang='lat' dir='ltr'>quis</span> <span class='ocrx_word' id='word_1_129' title='bbox 735 2835 1081 2901; x_wconf 88' lang='lat' dir='ltr'>Germania</span> <span class='ocrx_word' id='word_1_130' title='bbox 1127 2857 1288 2918; x_wconf 90' lang='lat' dir='ltr'>quos</span> <span class='ocrx_word' id='word_1_131' title='bbox 1331 2837 1599 2901; x_wconf 87' lang='lat' dir='ltr'>horrida</span> <span class='ocrx_word' id='word_1_132' title='bbox 1641 2835 1920 2918; x_wconf 87' lang='lat' dir='ltr'>parturit</span> <span class='ocrx_word' id='word_1_133' title='bbox 2000 2843 2006 2847; x_wconf 82' lang='lat'>&#39;</span> 
     </span>
    </p>
   </div>
   <div class='ocr_carea' id='block_1_14' title="bbox 543 2921 1859 3075">
    <p class='ocr_par' dir='ltr' id='par_1_20' title="bbox 543 2921 1859 3075">
     <span class='ocr_line' id='line_1_29' title="bbox 543 2921 1859 3004; baseline -0.002 -19"><span class='ocrx_word' id='word_1_134' title='bbox 543 2921 732 2999; x_wconf 86' lang='lat' dir='ltr'>fetus,</span> <span class='ocrx_word' id='word_1_135' title='bbox 778 2922 1082 2986; x_wconf 86' lang='lat' dir='ltr'>incolumi</span> <span class='ocrx_word' id='word_1_136' title='bbox 1129 2922 1451 2987; x_wconf 76' lang='lat' dir='ltr'>Caesare?</span> <span class='ocrx_word' id='word_1_137' title='bbox 1499 2923 1639 3004; x_wconf 84' lang='lat' dir='ltr'>quis</span> <span class='ocrx_word' id='word_1_138' title='bbox 1684 2921 1859 2984; x_wconf 82' lang='lat' dir='ltr'>ferae</span> 
     </span>
     <span class='ocr_line' id='line_1_30' title="bbox 603 3006 1579 3075; baseline -0.003 0"><span class='ocrx_word' id='word_1_139' title='bbox 603 3074 606 3075; x_wconf 10' lang='grc' dir='ltr'><em>γ</em></span> <span class='ocrx_word' id='word_1_140' title='bbox 713 3006 954 3072; x_wconf 89' lang='lat' dir='ltr'>bellum</span> <span class='ocrx_word' id='word_1_141' title='bbox 1001 3015 1182 3073; x_wconf 87' lang='lat' dir='ltr'>curet</span> <span class='ocrx_word' id='word_1_142' title='bbox 1226 3009 1579 3074; x_wconf 75' lang='lat' dir='ltr'>Hiberiae?</span> 
     </span>
    </p>
   </div>
   <div class='ocr_carea' id='block_1_15' title="bbox 510 3127 1895 3465">
    <p class='ocr_par' dir='ltr' id='par_1_21' title="bbox 510 3127 1895 3210">
     <span class='ocr_line' id='line_1_31' title="bbox 510 3127 1895 3210; baseline -0.001 -18"><span class='ocrx_word' id='word_1_143' title='bbox 510 3129 764 3192; x_wconf 59' lang='lat' dir='ltr'>‘condit</span> <span class='ocrx_word' id='word_1_144' title='bbox 809 3133 1077 3210; x_wconf 88' lang='lat' dir='ltr'>quisque</span> <span class='ocrx_word' id='word_1_145' title='bbox 1124 3130 1294 3193; x_wconf 90' lang='lat' dir='ltr'>diem</span> <span class='ocrx_word' id='word_1_146' title='bbox 1340 3129 1607 3193; x_wconf 89' lang='lat' dir='ltr'>collibus</span> <span class='ocrx_word' id='word_1_147' title='bbox 1653 3130 1717 3191; x_wconf 89' lang='lat' dir='ltr'>in</span> <span class='ocrx_word' id='word_1_148' title='bbox 1764 3127 1895 3191; x_wconf 84' lang='lat' dir='ltr'>suis</span> 
     </span>
    </p>

    <p class='ocr_par' dir='ltr' id='par_1_22' title="bbox 549 3215 1895 3292">
     <span class='ocr_line' id='line_1_32' title="bbox 549 3215 1895 3292; baseline -0.001 -15"><span class='ocrx_word' id='word_1_149' title='bbox 549 3219 617 3277; x_wconf 90' lang='lat' dir='ltr'>et</span> <span class='ocrx_word' id='word_1_150' title='bbox 659 3216 855 3278; x_wconf 84' lang='lat' dir='ltr'>vitem</span> <span class='ocrx_word' id='word_1_151' title='bbox 899 3215 1122 3279; x_wconf 85' lang='lat' dir='ltr'>viduas</span> <span class='ocrx_word' id='word_1_152' title='bbox 1168 3216 1347 3279; x_wconf 88' lang='lat' dir='ltr'>ducit</span> <span class='ocrx_word' id='word_1_153' title='bbox 1391 3215 1477 3279; x_wconf 90' lang='lat' dir='ltr'>ad</span> <span class='ocrx_word' id='word_1_154' title='bbox 1522 3215 1819 3292; x_wconf 85' lang='lat' dir='ltr'>arbores3</span> <span class='ocrx_word' id='word_1_155' title='bbox 1890 3235 1895 3240; x_wconf 60' lang='lat'><strong>⁴</strong></span> 
     </span>
    </p>

    <p class='ocr_par' dir='ltr' id='par_1_23' title="bbox 539 3300 1889 3465">
     <span class='ocr_line' id='line_1_33' title="bbox 539 3300 1889 3366; baseline 0 -4"><span class='ocrx_word' id='word_1_156' title='bbox 539 3300 690 3365; x_wconf 85' lang='lat' dir='ltr'>hino</span> <span class='ocrx_word' id='word_1_157' title='bbox 735 3300 820 3364; x_wconf 90' lang='lat' dir='ltr'>ad</span> <span class='ocrx_word' id='word_1_158' title='bbox 863 3301 1010 3366; x_wconf 83' lang='lat' dir='ltr'>vina</span> <span class='ocrx_word' id='word_1_159' title='bbox 1054 3301 1225 3365; x_wconf 90' lang='lat' dir='ltr'>redit</span> <span class='ocrx_word' id='word_1_160' title='bbox 1268 3301 1477 3365; x_wconf 89' lang='lat' dir='ltr'>laetus</span> <span class='ocrx_word' id='word_1_161' title='bbox 1525 3306 1591 3364; x_wconf 88' lang='lat' dir='ltr'>et</span> <span class='ocrx_word' id='word_1_162' title='bbox 1636 3301 1889 3363; x_wconf 79' lang='lat' dir='ltr'>alteris</span> 
     </span>
     <span class='ocr_line' id='line_1_34' title="bbox 629 3387 1568 3465; baseline -0.002 -16"><span class='ocrx_word' id='word_1_163' title='bbox 629 3393 696 3450; x_wconf 90' lang='lat' dir='ltr'>te</span> <span class='ocrx_word' id='word_1_164' title='bbox 741 3388 979 3450; x_wconf 86' lang='lat' dir='ltr'>mensis</span> <span class='ocrx_word' id='word_1_165' title='bbox 1029 3387 1295 3450; x_wconf 85' lang='lat' dir='ltr'>adhibet</span> <span class='ocrx_word' id='word_1_166' title='bbox 1343 3388 1568 3465; x_wconf 85' lang='lat' dir='ltr'>deum3</span> 
     </span>
    </p>
   </div>
   <div class='ocr_carea' id='block_1_16' title="bbox 546 3506 2022 3588">
    <p class='ocr_par' dir='ltr' id='par_1_24' title="bbox 546 3506 2022 3588">
     <span class='ocr_line' id='line_1_35' title="bbox 546 3506 2022 3588; baseline -0.001 -19"><span class='ocrx_word' id='word_1_167' title='bbox 546 3512 614 3570; x_wconf 85' lang='lat' dir='ltr'>te</span> <span class='ocrx_word' id='word_1_168' title='bbox 659 3506 866 3570; x_wconf 88' lang='lat' dir='ltr'>multa</span> <span class='ocrx_word' id='word_1_169' title='bbox 909 3527 1120 3587; x_wconf 86' lang='lat' dir='ltr'>prece,</span> <span class='ocrx_word' id='word_1_170' title='bbox 1144 3513 1232 3570; x_wconf 82' lang='lat' dir='ltr'>&#39;te</span> <span class='ocrx_word' id='word_1_171' title='bbox 1279 3507 1691 3588; x_wconf 87' lang='lat' dir='ltr'>prosequitur</span> <span class='ocrx_word' id='word_1_172' title='bbox 1736 3526 1913 3568; x_wconf 86' lang='lat' dir='ltr'>mero</span> <span class='ocrx_word' id='word_1_173' title='bbox 2016 3537 2022 3545; x_wconf 91' lang='lat'><strong>·</strong></span> 
     </span>
    </p>
   </div>
   <div class='ocr_carea' id='block_1_17' title="bbox 469 3591 1868 3845">
    <p class='ocr_par' dir='ltr' id='par_1_25' title="bbox 469 3591 1868 3845">
     <span class='ocr_line' id='line_1_36' title="bbox 469 3591 1744 3674; baseline -0.002 -18"><span class='ocrx_word' id='word_1_174' title='bbox 469 3613 472 3615; x_wconf 66' lang='grc'><strong>’</strong></span> <span class='ocrx_word' id='word_1_175' title='bbox 548 3591 775 3656; x_wconf 86' lang='lat' dir='ltr'>defuso</span> <span class='ocrx_word' id='word_1_176' title='bbox 807 3593 1084 3674; x_wconf 75' lang='lat' dir='ltr'>,pateriS,</span> <span class='ocrx_word' id='word_1_177' title='bbox 1132 3599 1199 3656; x_wconf 86' lang='lat' dir='ltr'>et</span> <span class='ocrx_word' id='word_1_178' title='bbox 1241 3591 1515 3655; x_wconf 88' lang='lat' dir='ltr'>Laribus</span> <span class='ocrx_word' id='word_1_179' title='bbox 1560 3598 1744 3654; x_wconf 90' lang='lat' dir='ltr'>tuum</span> 
     </span>
     <span class='ocr_line' id='line_1_37' title="bbox 545 3676 1868 3758; baseline -0.001 -18"><span class='ocrx_word' id='word_1_180' title='bbox 545 3679 776 3742; x_wconf 85' lang='lat' dir='ltr'>miscet</span> <span class='ocrx_word' id='word_1_181' title='bbox 821 3699 1076 3758; x_wconf 89' lang='lat' dir='ltr'>numen,</span> <span class='ocrx_word' id='word_1_182' title='bbox 1124 3679 1220 3741; x_wconf 89' lang='lat' dir='ltr'>uti</span> <span class='ocrx_word' id='word_1_183' title='bbox 1265 3677 1539 3741; x_wconf 85' lang='lat' dir='ltr'>Graecia</span> <span class='ocrx_word' id='word_1_184' title='bbox 1578 3676 1868 3740; x_wconf 71' lang='lat' dir='ltr'>Castoris</span> 
     </span>
     <span class='ocr_line' id='line_1_38' title="bbox 725 3762 1703 3845; baseline -0.001 -18"><span class='ocrx_word' id='word_1_185' title='bbox 725 3771 791 3828; x_wconf 91' lang='lat' dir='ltr'>et</span> <span class='ocrx_word' id='word_1_186' title='bbox 836 3765 1050 3845; x_wconf 84' lang='lat' dir='ltr'>magni</span> <span class='ocrx_word' id='word_1_187' title='bbox 1097 3763 1346 3828; x_wconf 87' lang='lat' dir='ltr'>memor</span> <span class='ocrx_word' id='word_1_188' title='bbox 1389 3762 1703 3827; x_wconf 80' lang='lat' dir='ltr'>Herculis,</span> 
     </span>
    </p>
   </div>
   <div class='ocr_carea' id='block_1_18' title="bbox 2312 203 2388 261">
    <p class='ocr_par' dir='ltr' id='par_1_26' title="bbox 2312 203 2388 261">
     <span class='ocr_line' id='line_1_39' title="bbox 2312 203 2388 261; baseline 0 0"><span class='ocrx_word' id='word_1_189' title='bbox 2312 203 2388 261; x_wconf 87' lang='grc'>81</span> 
     </span>
    </p>
   </div>
   <div class='ocr_carea' id='block_1_19' title="bbox 2463 864 2501 917">
    <p class='ocr_par' dir='ltr' id='par_1_27' title="bbox 2463 864 2501 917">
     <span class='ocr_line' id='line_1_40' title="bbox 2463 864 2501 917; textangle 90"><span class='ocrx_word' id='word_1_190' title='bbox 2463 864 2501 917; x_wconf 65' lang='lat' dir='ltr'>C!</span> 
     </span>
    </p>
   </div>
   <div class='ocr_carea' id='block_1_20' title="bbox 2425 1328 2501 1381">
    <p class='ocr_par' dir='ltr' id='par_1_28' title="bbox 2425 1328 2501 1381">
     <span class='ocr_line' id='line_1_41' title="bbox 2425 1328 2501 1381; baseline 0 0"><span class='ocrx_word' id='word_1_191' title='bbox 2425 1328 2501 1381; x_wconf 88' lang='lat'>10</span> 
     </span>
    </p>
   </div>
   <div class='ocr_carea' id='block_1_21' title="bbox 2426 1793 2503 1845">
    <p class='ocr_par' dir='ltr' id='par_1_29' title="bbox 2426 1793 2503 1845">
     <span class='ocr_line' id='line_1_42' title="bbox 2426 1793 2503 1845; baseline 0.013 -1"><span class='ocrx_word' id='word_1_192' title='bbox 2426 1793 2503 1845; x_wconf 82' lang='lat'>15</span> 
     </span>
    </p>
   </div>
   <div class='ocr_carea' id='block_1_22' title="bbox 2427 2257 2507 2310">
    <p class='ocr_par' dir='ltr' id='par_1_30' title="bbox 2427 2257 2507 2310">
     <span class='ocr_line' id='line_1_43' title="bbox 2427 2257 2507 2310; baseline 0.013 -1"><span class='ocrx_word' id='word_1_193' title='bbox 2427 2257 2507 2310; x_wconf 79' lang='lat'>20</span> 
     </span>
    </p>
   </div>
   <div class='ocr_carea' id='block_1_23' title="bbox 2430 2754 2508 2806">
    <p class='ocr_par' dir='ltr' id='par_1_31' title="bbox 2430 2754 2508 2806">
     <span class='ocr_line' id='line_1_44' title="bbox 2430 2754 2508 2806; baseline 0.013 -1"><span class='ocrx_word' id='word_1_194' title='bbox 2430 2754 2508 2806; x_wconf 83' lang='lat'>25</span> 
     </span>
    </p>
   </div>
   <div class='ocr_carea' id='block_1_24' title="bbox 2433 3217 2512 3270">
    <p class='ocr_par' dir='ltr' id='par_1_32' title="bbox 2433 3217 2512 3270">
     <span class='ocr_line' id='line_1_45' title="bbox 2433 3217 2512 3270; baseline 0.013 -1"><span class='ocrx_word' id='word_1_195' title='bbox 2433 3217 2512 3270; x_wconf 84' lang='lat'>30</span> 
     </span>
    </p>
   </div>
   <div class='ocr_carea' id='block_1_25' title="bbox 2433 3678 2514 3730">
    <p class='ocr_par' dir='ltr' id='par_1_33' title="bbox 2433 3678 2514 3730">
     <span class='ocr_line' id='line_1_46' title="bbox 2433 3678 2514 3730; baseline 0.012 -1"><span class='ocrx_word' id='word_1_196' title='bbox 2433 3678 2514 3730; x_wconf 84' lang='lat'>35</span> 
     </span>
    </p>
   </div>
  </div>
 </body>
</html>
