2784 4319
288 3710 290 3712 ’
365 3720 472 3754 non
508 3703 780 3767 gratiores,
818 3706 959 3752 certe
994 3701 1281 3767 graviores.

364 263 487 311 VIII
1069 286 1071 288 v
1287 277 1292 283 -
1321 264 1660 305 PRAEFATIO

856 416 950 493 hoc
982 425 1141 484 'paces
1179 421 1409 472 habuere
1446 422 1608 472 bonae
1645 421 1884 486 ventique
1930 423 2148 474 secundi

570 569 573 572 ἢ
864 505 1063 557 Romae
1076 527 1093 556 .-

364 593 409 650 1,
438 593 535 640 198
552 629 563 641 .
590 591 746 642 mimo
776 591 1191 658 intellegendum
1216 595 1279 644 de
1304 593 1430 644 ludo
1457 595 1718 659 scaenico,
1754 613 1860 664 non
1897 597 1962 646 de
1983 597 2269 658 histrione;
2309 595 2376 646 cf.
2401 595 2626 662 Porph.
2653 613 2676 646 ε

360 669 484 726 ‘non
519 682 628 728 tam
663 678 801 728 ludis
840 681 1095 731 scaenicis
1114 681 1486 743 *delectaretur
1521 697 1680 746 quam
1713 682 1884 748 ipsius
1921 683 2104 747 populi
2139 684 2396 745 vanitate,
2435 683 2492 732 in
2535 699 2684 747 qua

364 765 513 812 omni
538 765 697 814 mimo
722 769 775 815 et
799 769 1017 816 suavius
1042 771 1097 817 et
1121 769 1291 817 maius
1317 767 1420 818 sibi
1445 769 1806 833 spectaculum
1827 763 2153 834 repperiret'.
2180 797 2247 806 —
2273 773 2322 833 2,
2349 770 2416 819 96
2443 784 2559 832 qua
2587 785 2678 818 re

362 850 443 900 ed.
480 851 789 917 Hauptiana
824 853 947 915 1V.;
986 867 1151 917 quare
1188 855 1363 918 vulgo.
1392 886 1460 895 -
1498 857 1548 918 2,
1588 860 1687 908 167
1739 853 1986 918 quoniam
2023 855 2172 905 codd.
2210 855 2464 919 plerique.
2491 883 2568 892 —-
2599 858 2676 916 2,

363 937 476 984 199.
504 937 687 1000 Neque
707 937 904 1000 domus,
931 939 1071 1002 quod
1092 939 1242 988 estin
1264 939 1655 1005 codd-optimiS,
1681 957 1850 1005 neque
1871 940 2028 990 domu
2053 945 2146 991 aut
2164 939 2312 990 domo
2338 943 2674 991 sententiae

361 1021 645 1086 satisfacit;
664 1023 814 1074 modo
833 1025 1185 1089 probabiliter.
1202 1027 1337 1076 coni.
1364 1025 1584 1077 Gesner.
1610 1055 1676 1064 -—
1701 1029 1752 1091 3,
1783 1029 1850 1077 48
1877 1043 1991 1093 sqq.
2017 1026 2202 1076 Malim
2231 1027 2624 1092 interpungere
2647 1045 2670 1074 ε

1005 1168 1007 1170 ,
1338 1157 1340 1166 ,
1436 1111 1486 1162 si
1509 1112 1658 1175 forte
1693 1128 1892 1164 necesse
1929 1119 2003 1162 est

668 1195 883 1247 indiciis
918 1204 1209 1248 monstrare
1245 1197 1534 1248 recentibus
1571 1199 1753 1248 abdita
1788 1215 1965 1248 rerum
2001 1205 2048 1250 et

676 1282 863 1348 fingere
900 1283 1140 1334 cinctutis
1174 1301 1280 1334 ‘non
1317 1285 1572 1334 exaudita
1614 1284 1860 1352 CetheqiS,

672 1371 925 1434 continyet
960 1369 1275 1434 dabiturque
1313 1370 1526 1420 licentia
1560 1379 1770 1434 sumpta
1795 1370 2060 1434 pudenter
2097 1377 2099 1382 '

672 1463 719 1505 et
752 1473 889 1506 ‘nova
914 1455 1146 1520 fictaque
1180 1473 1352 1518 ‘nuper
1390 1457 1651 1506 habebunt
1682 1456 1844 1506 verba·
1865 1456 2046 1523 fidem,
2083 1456 2132 1507 si

672 1540 873 1592 Graeco
898 1540 1054 1605 fonte
1090 1541 1275 1591 cadent
1300 1558 1469 1606 parce
1506 1542 1724 1592 detorta.

362 1631 411 1688 3,
444 1629 509 1678 65
527 1628 691 1690 palus
728 1627 824 1677 diu
850 1627 1068 1678 Gesner.
1094 1656 1163 1666 —
1188 1631 1237 1691 3,
1277 1628 1378 1678 197
1395 1643 1600 1691 pacare
1625 1628 1864 1678 tumentis
1887 1630 2014 1684 alii..
2035 1659 2101 1668 —
2139 1633 2188 1693 3,
2228 1631 2328 1680 214
2368 1631 2654 1680 luxuriem

362 1697 511 1764 codd.
547 1713 692 1766 >haud
727 1715 911 1778 pauci3
950 1715 1045 1764 sed
1080 1715 1212 1765 haec
1246 1716 1416 1766 forma
1452 1715 1591 1778 apud
1629 1715 1907 1765 Horatium
1945 1732 2050 1766 non
2089 1717 2296 1782 legitur.
2335 1745 2399 1754 --
2440 1721 2489 1779 3,
2532 1720 2650 1767 294

299 1802 307 1806 ⁴
360 1806 686 1864 praesectum
722 1800 872 1853 codd.
912 1802 1115 1866 optimi,
1143 1805 1438 1865 perfectum
1474 1801 1582 1852 alii.

568 1974 631 2023 In
672 1974 955 2024 schematis
992 1979 1273 2025 metrorum
1309 1980 1468 2039 atque
1506 1975 1755 2038 exemplis
1795 1975 2150 2024 describendis
2191 1975 2648 2040 disponendisque

364 2061 463 2110 hoc
488 2059 821 2126 potissimum
845 2061 1063 2113 consilio
1090 2061 1278 2111 ductus
1303 2076 1436 2123 sum,
1463 2065 1525 2110 ut
1546 2060 1806 2110 tironibus
1838 2077 1902 2110 ea
1921 2061 2280 2110 tantummodo
2306 2063 2650 2125 praeberem,

362 2164 500 2211 quae
534 2147 603 2197 ad
638 2147 965 2212 singulorum
1002 2162 1325 2212 quorumque
1360 2162 1609 2197 versuum
1646 2151 1699 2197 et
1735 2152 2080 2211 systematum
2117 2149 2376 2198 rationem
2411 2164 2644 2199 noscen-

364 2235 487 2285 dam
521 2239 681 2299 atque
729 2234 1111 2299 dispiciendam
1158 2249 1371 2297 prorsus
1410 2239 1536 2284 sunt
1574 2234 1889 2284 necessaria.
1967 2232 2158 2285 Cetera
2193 2235 2349 2297 enim,
2389 2250 2524 2301 quae
2563 2236 2636 2285 ad

364 2321 689 2371 subtiliorem
736 2322 812 2370 rei
860 2322 1109 2370 metricae
1162 2321 1439 2369 seientiam
1491 2321 1776 2385 pertinent,
1833 2326 2142 2387 praeceptor
2196 2323 2341 2387 ipse,
2396 2321 2442 2373 si
2496 2338 2632 2385 opus

365 2406 540 2470 fuerit,
589 2408 763 2471 aptius
814 2412 865 2455 et
914 2407 1108 2457 maiore
1159 2423 1277 2456 cum
1326 2408 1503 2457 fructu
1552 2408 1747 2457 adiciet
1783 2424 1940 2473 quam
1974 2407 2087 2457 fieri
2123 2413 2300 2473 potest
2348 2409 2636 2457 summario

362 2492 553 2543 finibus
599 2492 756 2543 certis
803 2495 975 2557 iisque
1012 2493 1253 2558 angustis
1291 2494 1700 2559 circumscripto.
1773 2494 1885 2543 Nec
1922 2495 2115 2544 multos
2155 2500 2282 2559 puto
2332 2494 2443 2543 fore
2481 2494 2636 2543 dum-

365 2586 512 2630 taxat
556 2580 696 2630 inter
741 2585 1022 2641 nostrates,
1073 2580 1163 2645 qui
1211 2581 1506 2631 uberiorem
1550 2583 1627 2631 rei
1675 2582 1924 2631 metricae
1971 2566 2266 2630 doctiinam
2317 2580 2635 2629 desiderent.

364 2668 499 2716 Nam
547 2682 666 2716 cum
712 2666 1107 2732 gymnasiorum
1159 2667 1559 2718 Austriacorum
1616 2668 1816 2717 alumni
1863 2684 1970 2717 non
2029 2668 2133 2717 nisi
2190 2683 2285 2732 per
2344 2676 2638 2717 semenstre

341 2760 569 2819 ,tempus
622 2753 837 2805 lectioni
890 2752 1213 2804 Horatianae
1267 2755 1545 2817 studeant,
1602 2754 1936 2818 disciplinam
1995 2754 2142 2803 illam
2197 2753 2366 2803 obiter
2419 2756 2632 2801 tantum

363 2839 566 2905 adtingi
604 2845 763 2904 atque
800 2856 958 2905 quam
996 2840 1264 2911 celerrime
1300 2842 1470 2905 adripi
1506 2856 1725 2891 necesse
1762 2845 1858 2891 est.
2259 2850 2263 2855 “

572 2925 957 2992 chronologiae
1004 2926 1346 2989 Horatianae,
1403 2926 1610 2989 qualem
1647 2926 1908 2975 Frankius
1959 2922 2248 2986 constituit,
2303 2922 2435 2972 nihil
2470 2922 2640 2973 habui

364 3015 503 3078 quod
540 3013 786 3064 adderem
823 3015 925 3063 nisi
960 3013 1323 3078 Epistularum
1363 3012 1484 3062 libri
1523 3012 1740 3061 secundi
1775 3026 1960 3061 ann05.
2015 3010 2150 3059 Nam
2199 3024 2333 3073 quae
2371 3007 2636 3059 Christius

363 3099 651 3163 disputavit
698 3101 912 3165 egregio
959 3100 1141 3151 libello
1204 3098 1416 3148 Monaci
1468 3097 1602 3146 1877
1659 3096 1800 3147 edito
1857 3096 1948 3159 qui
1995 3095 2304 3143 inscribitur
2335 3088 2633 3144 ‘Fastorum

362 3186 774 3235 Horatianorum
826 3180 1096 3251 epicrisis',
1151 3186 1344 3235 docens
1397 3182 1699 3232 Carminum
1747 3182 1907 3230 libros
1963 3181 2164 3245 priores
2225 3185 2332 3229 tres
2381 3165 2632 3231 vicesimo

365 3272 574 3321 demum
621 3288 668 3321 a.
708 3270 831 3325 Chr.
869 3289 1007 3322 anno
1043 3273 1130 3321 vel
1165 3270 1557 3320 undevicesimo
1593 3269 1758 3317 fuisse
1795 3268 1981 3329 editoS,
2037 3266 2380 3316 ea'brevibus
2419 3268 2631 3329 quibus-

365 3359 486 3407 dam
520 3358 677 3409 lineis
714 3359 1025 3409 adumbrata
1060 3358 1233 3422 potius
1272 3372 1430 3421 quam
1467 3355 1706 3404 omnibus
1743 3355 1974 3403 numeris
2013 3353 2258 3420 absoluta
2296 3368 2413 3401 esse
2450 3352 2628 3403 viden-

363 3451 464 3495 tur.
537 3445 679 3510 Ergo
728 3446 773 3495 si
824 3446 1063 3494 volumus
1115 3442 1470 3492 fundamentis
1530 3457 1562 3489 a
1611 3438 1842 3489 Christio
1896 3440 2080 3503 positis
2134 3439 2305 3501 inniti,
2359 3439 2416 3487 in
2467 3455 2628 3489 annos

365 3533 658 3581 carminum
684 3532 932 3594 omnium,
960 3544 1095 3594 quae
1117 3529 1224 3577 illis
1255 3528 1402 3577 libris
1425 3526 1775 3587 continentur,
1800 3540 2017 3575 necesse
2039 3530 2118 3574 est
2137 3526 2307 3574 denuo
2326 3525 2624 3589 inquiratur.

364 3618 520 3678 Quod
566 3634 634 3667 ne
681 3616 907 3667 facerem
956 3620 1009 3665 et
1056 3616 1307 3677 temporis
1344 3614 1624 3678 angustiae
1671 3612 2024 3677 prohibebant
2071 3616 2124 3660 et
2183 3612 2321 3661 aliae
2360 3624 2532 3674 curae,
2585 3614 2624 3660 si

578 3806 877 3856 Scribebam
918 3804 1127 3856 Graecii
1165 3822 1213 3856 a.
1253 3805 1302 3854 d.
1340 3804 1441 3854 XV
1476 3804 1594 3854 Kal.
1637 3804 1850 3854 Octobr.
1889 3820 1936 3855 a.
1979 3804 2128 3851 1882.

2258 3891 2328 3938 Μ.
2369 3890 2425 3936 Ρ.
