2784 4319
439 186 562 248 130
1214 141 1497 236 HORATr
1525 185 1924 236 SERMONUM

340 329 417 384 65
541 323 723 404 atqui
766 323 821 387 si
863 321 1035 386 vitiis
1080 321 1510 386 mediocribus
1553 343 1632 386 ac
1675 343 1822 386 mea
1863 322 2092 404 paucis

542 407 851 472 mendosa
896 414 995 472 est
1037 414 1287 487 natura,
1335 408 1576 490 alioqui
1621 412 1818 488 recta,
1863 407 2038 472 velut
2083 407 2137 472 si

543 495 797 576 egregio
845 495 1166 575 inspersos
1212 493 1646 576 reprehendas
1692 514 1959 575 corpore
2005 514 2259 572 naevosi,

543 580 598 643 si
642 600 849 660 neque
894 581 1231 644 avaritiam
1274 599 1482 662 neque
1529 580 1751 644 sordes
1797 585 1910 644 aut
1954 581 2127 643 mala
2168 579 2376 644 lustra

542 665 783 730 obiciet
824 687 973 728 vere
1019 667 1355 747 quisquam
1402 665 1577 745 mihi,
1623 687 1818 748 purus
1865 671 1932 730 et
1975 667 2212 744 insons,

340 758 419 815 70
541 757 614 815 ut
658 773 760 836 me
806 752 1205 830 conlaudem,
1251 753 1307 817 si
1352 757 1419 815 et
1467 753 1601 824 vivo
1651 773 1836 815 carus
1882 753 2134 816 amieis:

543 858 738 902 causa
782 837 903 901 fuit
944 841 1131 920 pater
1174 838 1293 915 his,
1340 837 1450 919 qui
1493 858 1710 902 macro
1756 859 2002 919 pauper
2046 836 2255 920 agello

541 924 749 987 noluit
790 925 857 987 in
900 924 1080 987 Flavi
1123 923 1343 987 ludum
1381 945 1483 987 me
1529 924 1804 1002 mittere,
1850 924 2066 1005 magni

543 1031 668 1090 quo
713 1011 897 1092 pueri
942 1011 1188 1092 magnis
1234 1031 1270 1073 e
1317 1009 1794 1074 centurionibus
1840 1011 1984 1088 orti,

540 1096 722 1160 laevo
768 1098 1059 1177 suspensi
1103 1096 1347 1160 loculos
1392 1095 1806 1176 tabulamque
1852 1095 2113 1174 lacertO,

339 1191 371 1244 7
382 1191 416 1244 5
543 1182 725 1247 ibant
770 1189 1033 1247 octonos
1079 1182 1431 1246 referentes
1477 1181 1694 1246 Idibus
1743 1182 1928 1260 aeris,

544 1269 659 1332 sed
702 1289 969 1350 puerum
1017 1275 1116 1332 est
1160 1290 1351 1333 ausus
1398 1269 1666 1332 Romam
1711 1273 1970 1350 portare
2016 1267 2377 1332 docendum

544 1358 745 1432 arteS,
784 1375 942 1435 quas
990 1355 1223 1418 doceat
1268 1354 1471 1435 quivis
1517 1375 1713 1436 eques
1759 1359 1954 1435 atque
2001 1360 2262 1418 senator

544 1446 749 1504 semet
792 1446 1157 1522 prognatos.
1208 1445 1447 1504 vestem
1493 1459 1836 1521 servosque
1883 1445 2243 1522 sequenteS,

543 1527 609 1588 in
653 1547 883 1608 magno
930 1533 1003 1589 ut
1045 1525 1305 1607 popule,
1352 1525 1407 1590 si
1453 1527 1564 1606 qui
1609 1525 1890 1605 vidisset,
1937 1526 2110 1589 avita

337 1620 417 1674 80
544 1633 623 1674 ex
665 1633 738 1676 re
780 1612 1077 1692 praeberi
1123 1618 1412 1693 sumptus
1459 1611 1614 1674 mihi
1659 1611 1952 1675 crederet
1997 1611 2157 1675 illos.

542 1698 679 1781 ipse
722 1697 878 1761 mihi
924 1704 1139 1761 custos
1182 1698 1768 1779 incorruptissimus
1814 1718 2034 1761 omnes

540 1785 781 1847 circum
827 1783 1125 1848 doctores
1169 1783 1413 1848 aderat.
1461 1783 1615 1866 quid
1661 1783 1908 1858 multa?
1951 1783 2274 1865 pudicum,

542 1871 651 1951 qui
695 1871 937 1952 primus
984 1870 1235 1932 virtutis
1279 1869 1504 1948 honOS,
1551 1870 1828 1933 servavit
1871 1869 1953 1933 ab
2000 1871 2173 1933 omni

541 1977 669 2019 non
714 1955 920 2020 solum
962 1955 1155 2034 facto,
1203 1975 1421 2019 verum
1465 1954 1808 2037 obprobrio
1855 1976 2109 2037 quoque
2153 1956 2344 2038 turpi,

232 2040 237 2048 '
335 2049 415 2105 85
540 2063 661 2106 nec
703 2043 936 2121 timuit,
984 2041 1106 2105 sibi
1148 2062 1229 2104 ne
1273 2042 1430 2105 vitio
1476 2043 1618 2122 quis
1660 2046 1958 2121 verteret,
2006 2041 2159 2106 olim

260 2139 265 2144 '
360 2132 367 2138 '
543 2128 597 2193 si
638 2147 874 2211 praeco
919 2149 1150 2211 parvas
1196 2131 1327 2206 aut,
1372 2133 1446 2191 ut
1490 2128 1612 2194 fuit
1654 2127 1811 2209 ipse,
1861 2133 2121 2192 coactor

541 2212 870 2279 mercedes
902 2235 1231 2297 sequerer:
1278 2235 1486 2295 neque
1519 2235 1635 2297 ego
1661 2236 1866 2278 essem
1890 2222 2170 2297 questus.
2209 2218 2280 2278 at
2298 2214 2424 2279 hoc
2447 2237 2622 2282 nuno

540 2300 681 2366 laus
724 2300 818 2365 illi
864 2300 1137 2364 debetur
1181 2309 1248 2364 et
1291 2322 1331 2364 a
1374 2322 1477 2364 me
1523 2302 1731 2382 gratia
1775 2302 1996 2365 maior.

540 2387 632 2450 nil
673 2408 777 2451 me
820 2387 1151 2468 paeniteat
1196 2408 1421 2450 sanum
1465 2388 1666 2469 patris
1709 2386 1929 2466 huius;
1975 2406 2182 2467 eoque

336 2480 417 2535 90
540 2494 689 2551 11011,
734 2477 809 2537 ut
850 2494 1084 2555 magna
1129 2472 1277 2537 dolo
1322 2472 1564 2537 factum
1609 2478 1804 2554 negat
1849 2492 1986 2537 esse
2034 2492 2148 2535 suo
2194 2492 2366 2554 pars,

542 2558 715 2640 quod
758 2580 887 2622 11011
932 2560 1240 2641 ingenuos
1284 2559 1524 2623 habeat
1569 2558 1904 2639 clarosque
1947 2563 2268 2640 parentes,

542 2646 634 2708 sic
679 2665 781 2708 me
830 2644 1189 2709 defendam.
1235 2644 1426 2727 longe
1471 2665 1616 2708 mea
1660 2644 1987 2726 discrepat
2027 2644 2170 2709 istis

542 2736 609 2795 et
652 2750 776 2794 vox
820 2738 886 2793 et
930 2732 1114 2795 ratio.
1160 2750 1310 2795 nam
1354 2732 1409 2795 si
1453 2736 1684 2795 natura
1727 2730 1980 2793 iuberet

542 2838 583 2881 a
628 2817 819 2881 certis
866 2818 1049 2880 annis
1094 2838 1319 2881 aevum
1363 2836 1650 2880 remeare
1695 2821 2032 2897 peractum

335 2910 417 2967 95
542 2907 735 2983 atque
781 2901 941 2966 alios
986 2902 1219 2985 legere,
1264 2903 1349 2967 ad
1396 2903 1630 2967 fastum
1675 2898 2108 2984 quoscumque
2153 2906 2460 2984 parentes

543 2994 802 3069 optaret
846 2988 967 3052 sibi
1012 2990 1297 3070 quisque,
1344 2989 1504 3052 meis
1549 2993 1887 3052 contentus
1931 2986 2235 3054 honestos

542 3073 823 3138 fascibus
870 3080 936 3138 et
980 3074 1152 3138 sellis
1196 3074 1433 3138 nollem
1479 3074 1632 3137 mihi
1678 3094 1947 3153 sumere,
1994 3074 2257 3139 demens

546 3160 781 3224 iudicio
827 3160 1016 3242 volgi,
1064 3181 1255 3224 sanus
1299 3159 1572 3224 fortasse
1617 3165 1750 3238 tuo,
1797 3159 1970 3241 quod

544 3245 779 3310 nollem
824 3267 985 3312 onus
1026 3245 1200 3310 haud
1244 3266 1548 3327 umquam
1592 3246 1815 3309 solitus
1859 3251 2119 3327 portare
2164 3245 2530 3312 molestum.

338 3341 363 3393 1
383 3340 461 3393 00
544 3354 691 3395 nam
736 3332 893 3395 mihi
938 3333 1236 3396 continuo
1283 3333 1489 3396 maior
1532 3332 1902 3412 quaerenda
1943 3332 2112 3395 foret
2155 3352 2258 3397 res

543 3424 737 3500 atque
784 3418 1105 3482 salutandi
1148 3417 1383 3498 plureS,
1433 3417 1759 3481 ducendus
1807 3423 1872 3481 et
1913 3438 2078 3481 unus

544 3509 609 3568 et
654 3525 867 3568 comes
913 3504 1093 3582 alter,
1139 3504 1236 3567 uti
1280 3523 1363 3565 ne
1409 3502 1582 3566 solus
1625 3524 1809 3567 rusve
1852 3523 2198 3585 peregreve

547 3590 805 3667 exirem,
852 3590 1067 3671 plures
1113 3588 1370 3652 calones
1417 3596 1612 3669 atque
1658 3588 1890 3653 caballi

542 3675 867 3757 pascendi,
914 3674 1206 3739 ducenda
1248 3675 1578 3755 petorrita.
1625 3694 1791 3738 nunc
1837 3673 1992 3737 mihi
2038 3680 2218 3739 curto

336 3769 457 3821 105
541 3764 633 3826 ire
678 3760 833 3825 licet
876 3759 1049 3823 mulo
1094 3759 1195 3823 vel
1240 3761 1294 3823 si
1339 3760 1498 3824 libet
1541 3780 1742 3841 usque
1788 3760 2155 3841 Tarentum,
