2784 4319
410 149 493 209 50

306 457 383 512 15

302 936 383 993 20

298 1467 379 1523 25

294 1946 376 2001 30

290 2429 372 2483 35

290 2904 373 2961 40

284 3401 367 3458 425

1188 147 1465 198 HORATI
1505 147 1698 198 CARM
1706 147 1885 197 INUM

815 287 1053 361 texere,
1099 284 1330 346 mirum
1374 283 1547 363 quod
1591 282 1760 346 foret
1805 281 2116 360 011111111113,

814 369 1197 449 quicumque
1245 368 1454 433 celsae
1499 368 1721 432 nidum
1765 368 2194 434 Acherontiae

902 452 1231 534 saltusque
1272 452 1584 519 Bantinos
1629 460 1696 518 et
1740 475 1960 518 arvum

987 539 1223 621 pingue
1267 544 1492 606 tenent
1532 539 1792 604 humilis
1833 539 2116 619 Forenti,

809 679 887 738 ut
927 679 1069 739 tuto
1113 675 1197 740 ab
1242 677 1400 741 atris
1445 697 1712 758 corpore
1755 677 1990 758 viperis

810 759 1158 826 dormirem
1205 767 1272 825 et
1312 763 1500 840 ursis,
1544 768 1618 825 ut
1659 783 1990 845 premerer
2033 780 2222 826 sacra

897 845 1207 928 lauroque
1256 847 1639 944 eonlataque
1684 853 1911 931 myrto,

984 953 1113 996 non
1159 933 1295 996 sine
1319 933 1442 1000 (113
1487 935 1812 998 animosus
1855 932 2088 998 infans.

805 1073 1035 1145 vester
1084 1066 1422 1149 Camenae,
1466 1075 1678 1134 vester
1719 1071 1785 1133 in
1830 1070 2068 1135 arduos

806 1153 1002 1217 tollor
1045 1153 1333 1234 Sabinos,
1378 1177 1495 1221 seu
1537 1156 1693 1220 1111111
1749 1155 2052 1238 frigidum

895 1237 1244 1304 Praeneste
1290 1262 1404 1306 seu
1449 1240 1646 1305 Tibur
1689 1242 1988 1322 supinum

983 1346 1097 1388 seu
1142 1327 1428 1408 liquidae
1470 1327 1772 1411 placuere
1814 1326 2034 1391 Baiae.
2097 1326 2104 1330 ’

802 1462 1032 1525 vestris
1077 1464 1355 1526 amicum
1394 1462 1677 1528 fontibus
1721 1468 1789 1527 et
1832 1463 2043 1527 choris

804 1566 935 1610 non
978 1570 1080 1613 me
1125 1548 1435 1630 Philippis
1478 1569 1662 1612 versa
1706 1550 1877 1613 acies
1920 1551 2118 1628 retro,

892 1631 1123 1697 devota
1166 1654 1294 1697 non
1340 1635 1611 1698 extinxit
1655 1633 1865 1712 arbor,

978 1739 1097 1784 1100
1142 1719 1358 1783 Sicula
1399 1719 1736 1784 Palinurus
1779 1720 1970 1784 unda.

806 1861 1154 1937 utcumque
1196 1877 1449 1920 1110011111
1490 1877 1603 1921 vos
1649 1857 1845 1934 eritis,
1895 1855 2104 1921 libens

806 1943 1231 2006 insanientem
1272 1944 1492 2005 navita
1533 1941 1891 2025 Bosporum

894 2027 1227 2109 temptabo
1274 2034 1339 2091 et
1381 2033 1644 2093 urentes
1687 2027 1962 2093 harenas

980 2113 1186 2178 litoris
1231 2113 1484 2197 Assyrii⁸
1517 2113 1755 2179 viator:

805 2250 1010 2316 visam
1052 2250 1397 2315 Britannos
1438 2250 1798 2333 hospitibus
1842 2250 2015 2317 feros

808 2341 877 2401 et
916 2336 1159 2401 laetum
1204 2336 1436 2418 equino
1482 2337 1789 2418 sanguine
1835 2335 2224 2417 Concanum,

887 2422 1089 2487 visam
1131 2421 1540 2504 pharetratos
1584 2420 1863 2487 Gelonos

975 2513 1042 2571 et
1086 2506 1452 2592 Scythicum
1493 2506 1834 2572 inviolatus
1880 2527 2152 2572 amnem.

797 2664 915 2709 vos
960 2642 1301 2709 Caesarem
1348 2643 1586 2723 altum‚-
1617 2642 1848 2707 militia
1893 2640 2082 2707 simul

800 2729 1004 2795 fessas
1050 2730 1345 2794 cohortes
1390 2728 1642 2795 abdidit
1687 2728 1957 2810 oppidiS,
2035 2744 2043 2750 ·

886 2814 1070 2880 finire
1116 2822 1532 2900 quaerentem
1575 2814 1830 2879 labores

974 2901 1185 2966 Pierio
1229 2901 1540 2966 recreatis
1585 2905 1790 2965 antro.

796 3058 911 3103 vos
953 3038 1097 3103 lene
1143 3039 1476 3102 consilium
1522 3042 1588 3100 et
1632 3035 1799 3099 datis
1846 3042 1912 3101 et
1956 3036 2112 3101 dato

800 3124 1113 3206 gaudetis,
1158 3124 1383 3188 almae.
1431 3124 1664 3185 seimus
1707 3126 1781 3184 ut
1819 3121 2031 3201 inpios

886 3209 1147 3273 Titanas
1190 3210 1637 3289 inmanemque
1681 3212 1959 3269 turmam

971 3295 1233 3357 fulmine
1278 3292 1609 3357 sustulerit
1652 3290 1914 3370 caduco,

801 3433 909 3513 qui
954 3437 1194 3493 terram
1236 3430 1528 3504 inertem,
1574 3428 1683 3508 qui
1727 3448 1903 3492 mare
1947 3433 2273 3510 temperat

799 3522 1133 3582 ventosum
1178 3520 1245 3578 et
1286 3514 1478 3577 urbes
1521 3533 1848 3595 regnaque
1894 3515 2126 3594 tristia,

890 3602 1196 3679 divosque
1239 3598 1669 3679 mortalesque
1719 3598 1942 3662 turbas

980 3684 1250 3765 imperio
1294 3685 1460 3767 regit
1503 3706 1664 3748 unus
1710 3704 1936 3765 aequo,
