2784 4319
429 215 516 278 40

329 617 410 673 20

324 1715 405 1768 10

319 2151 434 2236 15'

311 2646 394 2697 20

306 3142 387 3195 25

305 3602 386 3659 30

1217 209 1495 259 HORATI
1536 209 1859 260 CARMINU
1867 211 1910 258 31

837 368 955 410 nec
999 347 1332 410 fortuitum
1378 351 1680 428 spernere
1725 348 2075 428 caespitem

835 433 1011 514 leges
1057 433 1368 511 sinebant,
1417 433 1657 514 oppida
1695 432 1951 514 publico

926 524 1182 600 sumptu
1225 518 1519 582 iubentes
1566 524 1631 581 et
1678 519 1944 582 deorum

1009 605 1252 685 templa
1295 625 1459 668 novo
1506 605 1813 667 decorare
1860 625 2032 668 saxo,

1467 742 1669 818 XVI.
1727 814 1733 820 .

839 860 1058 928 Otium
1101 862 1279 926 divos
1323 867 1513 954 rogat
1556 863 1625 924 in
1666 863 1916 943 patenti

835 968 1106 1030 prensus
1146 949 1431 1030 Aegan,
1472 947 1661 1012 simul
1704 953 1849 1013 atra
1891 947 2093 1012 nubes

838 1031 1125 1099 condidit
1165 1033 1383 1098 lunam
1428 1053 1633 1114 neque
1681 1039 1857 1136 certa
1901 1032 2148 1136 fulgent

1008 1120 1220 1184 sidera
1261 1120 1493 1198 nautiS,

839 1241 1039 1302 otium
1083 1239 1254 1303 bello
1301 1239 1544 1303 furiosa
1588 1233 1854 1318 Thrace,

837 1327 1037 1389 otium
1081 1325 1257 1390 Medi
1299 1324 1607 1408 pharetra
1652 1324 1889 1404 decori,

837 1411 1146 1492 Grosphe,
1191 1432 1320 1474 non
1364 1411 1631 1492 gemmis
1674 1431 1881 1492 neque
1924 1431 2209 1493 purpura
2243 1428 2361 1476 vve·

1006 1497 1154 1561 nale
1196 1516 1404 1578 neque
1448 1515 1623 1559 auro,

835 1637 962 1679 non
1009 1617 1179 1680 enim
1221 1635 1419 1697 gazae
1463 1635 1670 1696 neque
1715 1617 2067 1683 consularis

836 1703 1168 1767 submovet
1209 1701 1411 1766 lictor.
1442 1702 1709 1768 miseros
1752 1702 2063 1768 tumultus

835 1788 1066 1852 mentis
1111 1793 1177 1852 et
1217 1807 1407 1865 curas
1450 1787 1751 1868 laqueata
1794 1790 2033 1852 circum

1006 1877 1180 1937 tecta
1222 1873 1529 1936 volantes.

833 1987 1086 2055 vivitur
1105 2013 1302 2075 parvo
1346 1993 1529 2073 bene,
1576 1990 1679 2056 cui
1719 1989 2059 2074 paternum

836 2077 1132 2161 splendet
1173 2079 1242 2140 in
1284 2099 1506 2152 mensa
1539 2079 1725 2144 tenui
1770 2079 2042 2143 salinum

837 2185 955 2230 1166
998 2164 1169 2228 leves
1216 2164 1471 2229 somnos
1514 2167 1708 2230 timor
1751 2172 1887 2230 aut.
1910 2165 2139 2248 cupido

1008 2251 1302 2314 sordidus
1347 2250 1575 2321 aufert.
1629 2316 1647 2323 ⁸

835 2371 990 2452 quid
1032 2371 1212 2434 brevi
1253 2371 1453 2435 fortes
1498 2372 1853 2436 iaculamur
1892 2392 2051 2437 aevo

829 2455 1033 2519 multa
1046 2456 1078 2519 Ῥ
1122 2457 1275 2537 quid
1315 2462 1525 2521 terras
1570 2458 1700 2523 alio
1742 2458 2023 2522 calentes

829 2541 976 2623 sole.
1007 2543 1373 2606 mutamus?
1416 2544 1667 2624 patriae
1712 2546 1853 2625 quis
1899 2544 2045 2609 exul

999 2648 1068 2696 se
1112 2648 1364 2709 quoque
1408 2629 1615 2712 fugit?

827 2748 1080 2811 scandit
1122 2753 1378 2811 aeratas
1422 2749 1653 2813 vitiosa
1693 2770 1886 2813 naves

825 2853 979 2896 cura
1021 2854 1140 2897 1166
1167 2838 1426 2898 turmas
1470 2836 1753 2917 equitum
1798 2835 2116 2917 relinquit,

826 2920 1004 2982 ocior
1048 2920 1247 2983 cervis
1294 2924 1360 2983 et
1402 2925 1633 3001 agente
1678 2920 1928 2985 nimbos

997 3004 1176 3068 ocior
1217 3004 1410 3068 Euro·

821 3116 1051 3187 laetus
1071 3124 1140 3189 in
1179 3134 1487 3206 praesens
1530 3126 1797 3204 animus,
1844 3125 2030 3210 quod
2051 3124 2253 3217 ultra
2268 3128 2384 3232 est,

821 3210 1034 3273 oderit
1077 3230 1300 3292 curare
1344 3214 1413 3305 et
1454 3230 1675 3275 amara
1717 3210 1892 3275 161110

819 3288 1138 3377 temperet
1178 3296 1343 3360 risu:
1350 3295 1549 3359 1111111
1592 3301 1691 3360 est
1734 3295 1816 3360 ab
1862 3295 2034 3359 omni

991 3386 1176 3463 parte
1220 3381 1499 3445 beatum.

820 3498 1086 3563 abstulit
1129 3499 1370 3564 clarum
1417 3501 1545 3563 cita
1588 3521 1759 3564 mors
1804 3500 2138 3585 Achillem,
2196 3506 2198 3508 ’

818 3586 1012 3667 longa
1055 3584 1395 3648 Tithonum
1440 3587 1667 3650 minuit
1710 3596 2023 3667 senectus,

822 3676 888 3735 et
929 3669 1086 3733 mihi
1129 3670 1363 3747 forsan,
1409 3671 1528 3735 tibi
1572 3673 1745 3753 quod
1787 3672 2059 3755 negarit,

989 3757 1276 3839 porriget
1317 3755 1497 3819 hora.
