2784 4319
1081 284 1195 320 PRA
1204 283 1236 320 Ε
1245 283 1374 320 ΡΑΤΙ
1385 284 1421 320 Ο
2050 337 2055 347 Ι
2314 285 2400 332 ΠΙ

25 428 59 451 2'
115 423 314 472 saecula
356 425 622 473 intactam
661 423 936 474 duravisse
972 425 1028 473 in
1063 423 1210 473 libris
1250 440 1410 474 manu
1448 425 1673 488 scriptis.
1734 423 1871 484 Quid
1908 425 2073 488 ergo?
2128 423 2401 472 Caecosne

21 522 34 550 ι·
111 511 255 560 fuisse
281 517 550 574 putemus
575 511 836 560 Latinos?
871 511 1107 559 Minime.
1147 508 1300 570 Quod
1325 512 1370 560 si
1408 511 1509 559 fuit
1545 510 1878 574 stropharum
1914 510 2201 572 distinctio,
2236 511 2401 558 etiam

22 606 34 634 ἑ
105 597 292 646 tradita.
337 603 426 646 est
465 613 500 645 a
537 597 750 646 librario
788 597 855 645 ad
891 597 1186 657 librarium3
1246 599 1291 645 si
1329 598 1527 646 tradita
1577 597 1696 658 fuit,
1746 597 1973 646 saeculis
2023 590 2275 661 quattuor
2309 596 2400 645 vel

23 677 30 720 ἶ
97 684 340 747 quinque
365 683 574 748 primm,
611 673 786 746 quoad
811 683 1265 748 grammaticorum
1307 683 1488 733 studia
1518 685 1790 744 florebant,
1830 681 2029 732 aboleri
2064 699 2173 732 non
2206 683 2399 746 potuit.

24 778 43 808 -ε’
91 771 156 816 At
193 785 392 834 neque
430 773 490 830 in
541 769 944 820 scholiastarum
981 762 1419 834 explicationibus
1456 785 1629 834 neque
1662 769 1719 829 in
1755 770 2215 834 grammaticorum
2247 768 2400 818 libris

20 848 39 892 2³²
89 871 273 920 neque
319 858 381 904 in
420 855 740 919 scriptorum
787 856 1122 904 metricorum
1167 845 1483 921 tractatibus
1512 871 1757 919 'usquam
1786 855 1870 904 'rei
1906 855 2049 904 illius
2086 855 2285 903 mentio
2321 853 2435 903 fit.-

87 942 252 1000 Quod
311 947 496 992 autem
547 943 746 991 nemini
793 957 1041 1006 umquam
1089 925 1469 1004 Romanorum}
1510 945 1766 1006 quantum
1800 958 1897 990 nos
1936 941 2147 1006 quidem
2183 941 2401 1011 scimuS,

91 1029 384 1092 cognitum
432 1029 537 1077 fuit
587 1034 746 1092 atque
794 1032 1144 1092 perspectum,
1192 1027 1248 1076 id
1284 1028 1421 1077 falso
1472 1029 1659 1077 docere
1694 1043 1785 1078 eos
1823 1029 1915 1090 qui
1951 1027 2277 1084 Meinekium
2312 1042 2397 1076 se-

89 1121 346 1176 quuntur
395 1121 452 1164 et
499 1129 640 1163 nunc
690 1115 844 1164 credo
892 1120 946 1165 et
992 1129 1162 1178 usque
1223 1115 1451 1176 credam,
1515 1115 1640 1162 dum
1700 1114 2026 1178 argumentis
2084 1113 2391 1164 certissimis

85 1202 300 1251 erroris
341 1202 618 1250 convictus
655 1217 760 1250 ero.
775 1199 807 1264 ¹)
1339 1261 1342 1264 ῃ

321 1275 408 1336 De
445 1287 944 1351 interpolationibus
981 1277 1288 1338 Horatianis
1324 1287 1535 1352 longius
1576 1287 1833 1336 disserere
1882 1288 2044 1350 piget.
2116 1287 2223 1336 Tot
2256 1271 2403 1337 enim

85 1379 220 1436 post
247 1373 690 1438 Peerlkampium
713 1375 1004 1424 extiterunt
1026 1375 1128 1424 viri
1153 1380 1207 1424 et
1242 1373 1384 1423 docti
1422 1379 1475 1423 et
1510 1373 1729 1436 indocti,
1767 1373 1858 1436 qui
1893 1374 2111 1435 urende,
2150 1373 2401 1433 secando,

95 1460 399 1510 lacerando
439 1460 720 1510 medellam
771 1461 966 1512 adferri
1012 1477 1169 1525 posse
1208 1460 1513 1510 Carminum
1558 1460 1706 1509 libris
1755 1475 1862 1508 non
1900 1458 2070 1509 solum
2124 1460 2225 1509 sibi
2261 1461 2397 1524 ipsis

93 1551 511 1608 persuaserunt,
539 1547 632 1595 sed
657 1547 818 1596 etiam
843 1547 960 1596 aliis
985 1547 1208 1611 probare
1245 1545 1789 1610 argumentationibus
1818 1545 2189 1594 diversissimis
2216 1546 2394 1594 conati

92 1639 247 1682 sunt.
313 1634 436 1682 Etsi
483 1633 667 1697 negari
713 1649 821 1682 non
855 1639 1034 1698 potest
1069 1639 1259 1698 poetae
1293 1634 1564 1682 Venusino
1602 1639 1663 1681 ut
1710 1633 1828 1682 aliis
1866 1632 2134 1696 plerisque
2170 1633 2396 1696 scripto-

95 1719 254 1768 ribus
294 1719 528 1784 antiquis
578 1720 752 1770 labem
799 1720 886 1768 hic
923 1699 1039 1768 ‘illie
1089 1712 1396 1784 adspersam
1445 1735 1563 1768 esse
1610 1725 1904 1782 temporum
1957 1719 2167 1780 iniuria,
2220 1722 2403 1782 tamen.

95 1811 222 1854 tota.
260 1805 359 1855 illa
394 1806 816 1870 interpolationis
853 1807 987 1854 ratio
1025 1811 1080 1856 et
1117 1806 1357 1856 doctrina·
1391 1805 1519 1854 mihi
1558 1805 1769 1869 quidem
1806 1819 2056 1869 perversa
2088 1819 2209 1854 esse
2244 1804 2393 1853 vide-

100 1899 191 1941 tur
236 1907 315 1942 ac·
340 1892 548 1940 futtilis.
611 1891 668 1941 Si
703 1893 835 1942 nihil
871 1892 1034 1954 aliud,
1085 1897 1227 1942 certe
1263 1895 1550 1942 metrorum
1587 1892 1673 1941 lex
1710 1895 1869 1955 atque
1906 1891 2207 1954 observatio
2246 1905 2399 1940 seve-

97 1979 326 2027 rissima
373 1994 474 2028 nec
521 1978 690 2035 cuivis
737 1984 1016 2044 perspecta
1060 1979 1300 2029 homines
1347 1978 1610 2028 litteratos
1661 1977 1977 2038 deterrebat,
2034 1992 2105 2027 ne
2154 1977 2395 2027 obscuris

105 2065 396 2129 foedisque
453 2065 702 2114 versibus·
759 2064 1037 2128 adscriptis
1107 2064 1438 2129 splendorem
1495 2066 1681 2132 Musae
1735 2065 2063 2113 Horatianae
2116 2063 2398 2112 obfuscare

107 2156 464 2217 temptarent„
501 2151 810 2216 praesertim
845 2167 964 2201 cum
1000 2151 1134 2202 tales
1173 2156 1395 2202 conatus
1431 2151 1739 2202 florentibus
1778 2151 1951 2201 adhuc
1987 2166 2051 2201 ac
2086 2149 2395 2215 vigentibus

107 2237 336 2299 studiis,
400 2253 620 2301 quorum
667 2254 775 2287 non
825 2239 1042 2287 minima
1089 2254 1212 2302 pars
1263 2242 1378 2289 erat
1427 2238 1601 2303 poesis
1652 2238 1977 2290 Horatianae
2024 2237 2185 2287 lectio
2233 2240 2400 2301 atque

103 2324 422 2388 explicatio,
471 2324 714 2373 homines
764 2324 946 2373 doctos
983 2324 1126 2373 haud
1164 2324 1318 2373 facile
1355 2324 1589 2389 effugere
1609 2324 1922 2396 potuerint:
1971 2323 2065 2388 qui
2100 2324 2261 2373 sicuti
2294 2338 2405 2371 nen

105 2412 360 2459 ferebant
409 2408 688 2473 epistulam
733 2396 880 2458 illam
915 2414 1074 2473 atque
1113 2409 1308 2475 elegOS,
1347 2424 1570 2474 quorum
1608 2409 1891 2462 Suetonius
1930 2409 2185 2471 meminit,
2218 2399 2299 2458 ita
2330 2424 2405 2458 ne

101 2496 366 2561 strophas
418 2495 627 2561 quidem
676 2495 814 2545 male
862 2496 1152 2559 adplicatas
1201 2494 1452 2545 tulissent
1505 2495 1911 2562 corniculaeque
1959 2495 2169 2545 furtivis
2204 2494 2403 2559 plumis

43 2596 46 2603 ·
102 2586 392 2631 contectas
431 2582 680 2630 continuo
721 2582 1092 2651 denudassent.
1163 2581 1531 2645 Corruptiores
1570 2582 1637 2631 ad
1673 2586 1909 2631 nostram
1946 2586 2177 2632 aetatem
2212 2596 2401 2645 perve-

103 2670 264 2718 nisse
300 2673 428 2733 puto
468 2668 776 2718 Sermonum
813 2673 866 2717 et
900 2667 1264 2731 Epistularum
1300 2667 1493 2719 libros:
1537 2668 1595 2716 in
1630 2669 1821 2732 quibus
1860 2668 1904 2717 si
1941 2669 2033 2732 qui
2068 2672 2194 2717 sunt
2218 2684 2407 2717 versus

65 2778 78 2823 J
107 2754 286 2818 spurii
335 2758 496 2818 atque
547 2754 832 2811 subffiticii,
889 2754 1087 2803 labenti
1126 2754 1230 2803 iam
1268 2758 1323 2803 et
1358 2754 1541 2818 lapsae
1578 2753 1885 2818 antiquitati
1920 2753 2274 2819 inputaverim
2312 2764 2407 2802 aut

106 2841 220 2905 ipsi
255 2840 391 2899 *aevo
427 2840 617 2889 medio.
996 2842 1009 2852 ’

8 2926 16 2960 ’Δ
295 2925 494 2975 Verum
529 2927 635 2975 iam
658 2930 863 2990 tempus
890 2932 972 2976 est
1007 2926 1164 2976 finem
1203 2928 1380 2977 facere
1419 2926 1595 2977 verbis
1634 2930 1830 2976 temere
1864 2926 2106 2989 fortasse,
2144 2928 2192 2976 si
2226 2926 2405 2975 multi-

15 2933 78 3079 ἦ
107 3013 359 3062 tudinem
405 3011 828 3062 dissentientium
865 3012 1152 3072 considero,
1177 3013 1298 3063 »sed
1343 3029 1411 3062 ex
1446 3014 1611 3062 animi
1648 3013 1913 3063 sententia
1947 3012 2187 3077 prolatis,
2241 3017 2403 3076 atque

7 3059 46 3146 l
108 3098 346 3149 transire
383 3097 451 3147 ad
499 3113 579 3160 ea,
629 3113 764 3162 quae
801 3098 865 3147 de
911 3098 1043 3147 locis
1093 3098 1407 3163 quibusdam
1458 3104 1551 3149 aut
1598 3098 1977 3149 difficilioribus
2027 3103 2120 3150 aut
2168 3100 2404 3147 nondum

7 3212 39 3332 x
109 3189 253 3235 bene
292 3184 579 3248 conpositis
617 3183 951 3247 praemittere
985 3187 1041 3233 in
1068 3187 1243 3235 animo
1282 3191 1380 3235 est.
1420 3186 1537 3245 Qua
1574 3187 1628 3234 in
1665 3201 1722 3235 re
1758 3186 1805 3234 si
1840 3182 1927 3234 vel
1962 3185 2239 3233 minimum
2278 3184 2403 3248 quid

29 3386 31 3388 ¹
265 3339 306 3391 1)
335 3340 402 3379 Ne
431 3339 626 3379 Christio
655 3341 837 3387 quidem
863 3340 1122 3379 Meinekius
1151 3344 1197 3379 et
1224 3342 1540 3381 Lachmannus
1577 3340 1715 3387 plane
1755 3340 2036 3388 persuasisse
2078 3340 2307 3377 videntur.
2337 3338 2406 3377 Cf.

29 3408 31 3427 ¹
53 3393 75 3453 ,f
119 3408 287 3449 Metrik
314 3409 395 3449 der
421 3407 647 3447 Griechen
674 3409 769 3447 und
795 3408 992 3459 Romen-3
1022 3419 1067 3457 p.
1097 3410 1196 3451 601:
1223 3402 1236 3419 ‘
1247 3408 1467 3457 Auffauig
1495 3412 1553 3452 ist
1580 3423 1677 3462 nur,
1712 3411 1815 3449 dass
1844 3410 1924 3447 der
1943 3409 2131 3447 Dichter
2157 3408 2248 3447 den
2266 3408 2403 3446 Sinn-

27 3458 58 3523 i)
120 3478 298 3517 schluss
333 3476 451 3515 nach
487 3478 591 3515 dem
622 3477 950 3526 jedesmaligen
978 3478 1155 3517 vierten
1182 3479 1322 3518 verse
1349 3480 1451 3518 hier
1489 3479 1555 3531 (in
1584 3480 1681 3519 odis
1722 3489 1881 3517 monce
1890 3478 2005 3527 olis),
2052 3488 2093 3514 w
2106 3488 2133 3516 o
2176 3488 2201 3516 e
2214 3488 2238 3515 r
2276 3478 2306 3515 d
2319 3488 2405 3523 op-

7 3558 34 3605 b„
123 3548 250 3595 pelt
287 3556 550 3593 sorgsam
596 3557 663 3585 zu
701 3545 1082 3585 beobachten
1111 3556 1239 3597 war,
1268 3548 1427 3587 mehr
1455 3550 1564 3587 wie
1594 3550 1659 3605 in·
1678 3548 1898 3587 andern
1928 3546 1965 3586 O
1982 3548 2045 3585 de
2063 3558 2092 3585 n
2119 3546 2403 3585 vernach-

23 3608 51 3644 ‘⁴‘
124 3617 180 3655 155,
193 3628 214 3655 s
230 3616 281 3657 si
297 3621 352 3663 gt
379 3616 408 3653 h
426 3624 454 3653 a
465 3610 512 3655 t.'
555 3626 596 3664 p.
625 3616 726 3656 481:
751 3610 891 3655 ‘Dass
918 3616 1067 3655 Horaz
1109 3616 1401 3667 regelmassig
1436 3620 1464 3657 4
1494 3618 1635 3657 verse
1663 3628 1720 3656 zu
1760 3616 1885 3655 einer
1912 3616 2105 3665 Strophe
2142 3615 2407 3654 verbunden

32 3668 46 3683 ”
127 3686 290 3725 wissen
309 3683 474 3733 woute,
503 3684 652 3723 haben
679 3687 770 3723 erst
785 3684 834 3723 in
865 3694 1052 3723 unser-er
1079 3685 1178 3723 Zeit
1205 3682 1409 3724 Meineke
1436 3688 1529 3725 und
1556 3686 1816 3725 Lachmann
1845 3685 2058 3735 erkannt,
2084 3684 2199 3724 doch
2228 3684 2411 3722 scheint

125 3756 204 3793 der
232 3754 422 3792 Dichter
451 3753 568 3793 eben
607 3752 819 3804 dadurch,
862 3754 964 3791 dass
995 3760 1046 3791 er
1070 3764 1120 3791 so
1150 3754 1228 3804 oft,
1269 3754 1317 3791 in
1347 3752 1431 3793 Od.
1461 3756 1543 3807 111,
1573 3757 1624 3796 20
1652 3756 1889 3803 dui-chaus,
1920 3754 2001 3791 mit
2030 3753 2135 3793 dem
2160 3755 2266 3793 4ten
2290 3753 2408 3793 Vera

125 3824 213 3871 den⁴
237 3822 354 3861 Sinn
379 3822 504 3859 nicht
530 3822 715 3872 schloss,
745 3823 1020 3869 angedeutet
1043 3833 1102 3861 zu
1133 3823 1291 3871 haben,
1325 3823 1351 3860 d
1368 3834 1459 3861 ass
1489 3835 1547 3862 er
1575 3824 1667 3863 die
1682 3836 1701 3863 s
1715 3835 1741 3862 e
1770 3822 1799 3863 S
1813 3822 2069 3870 trophon
2107 3823 2277 3863 nicht
2316 3822 2413 3859 ala

129 3882 488 3939 vollg'ilt-ige
517 3889 547 3930 S
563 3891 830 3939 trophen⁴
847 3892 874 3930 b
895 3897 980 3931 etr
997 3892 1192 3929 achtet
1221 3890 1392 3929 wisse
1409 3902 1440 3931 n
1469 3886 1707 3932 wollte’.

1997 3979 2063 4027 a*
