2784 4319
358 210 384 228 ²
436 224 562 304 1,·26,

295 536 416 606 ,ιο

341 962 420 1018 15

337 1392 422 1449 20

340 1824 423 1879 25

340 2255 423 2310 30

339 2683 422 2739 35

342 3111 424 3168 40

339 3543 422 3597 45

1196 221 1470 280 HORATI
1507 220 1905 287 SERMONUM

638 358 850 422 indico
892 356 1150 436 bellum,
1198 362 1500 419 cenantes
1536 355 1711 418 haud
1756 356 1968 419 animo
2014 375 2221 435 aequo

640 448 983 525 expectans
1027 442 1310 506 comites,
1357 442 1485 505 iam
1529 462 1657 505 nox
1698 441 2001 505 inducere
2044 442 2236 509 terris

639 530 898 594 umbras
943 534 1008 592 et
1053 528 1230 592 caelo
1276 526 1631 591 diffundere
1677 528 1857 625 signa
1901 527 2207 609 parabat3

641 623 778 679 tum
820 615 1020 719 pueri
1046 615 1305 693 nautiS,
1325 614 1541 695 pueris
1586 613 1873 677 convicia
1914 624 2152 677 nautae

640 702 960 799 ingerere:
1001 692 1152 763 ‘huc
1196 699 1480 782 appelle!
1527 705 1848 763 trecentos
1893 700 2139 763 inseris.
2185 696 2330 777 ohe,

641 789 771 851 iam
815 786 970 851 satis
1017 776 1148 849 est.³
1200 786 1351 849 dum
1396 807 1505 851 aes
1552 786 1840 867 exigitur,
1889 785 2041 848 dum
2084 784 2261 851 mula
2302 784 2557 865 ligatui,

641 878 783 937 tota
825 872 962 935 abit
1002 871 1180 936 hora.
1233 872 1384 935 mali
1432 871 1665 935 culices
1710 892 2032 953 ranaeque
2077 870 2399 969 palustres

641 964 938 1023 avertunt
979 979 1264 1022 somnos·
1251 1008 1265 1037 ,
1317 958 1649 1021 absentem
1697 958 1821 1040 [ut]
1870 961 2090 1021 cantat
2133 957 2411 1020 amicam

642 1045 844 1109 multa
886 1044 1176 1125 prolutus
1221 1064 1431 1125 vappa
1472 1048 1671 1106 nauta
1715 1049 1908 1123 atque
1952 1043 2162 1107 viator

645 1132 955 1195 certatim.
999 1130 1262 1194 tandem
1305 1129 1510 1192 fessus
1556 1130 1833 1193 dormire
1876 1130 2085 1193 viator

643 1218 886 1298 incipit,
941 1238 1018 1280 ac
1062 1217 1291 1279 missae
1335 1222 1592 1298 pastum
1636 1215 1990 1278 retinacula
2031 1214 2245 1277 mulae

643 1314 842 1367 nauta
884 1303 1066 1384 piger
1109 1322 1262 1365 saxo
1307 1300 1539 1383 religat
1582 1302 1920 1381 stertitque
1968 1302 2250 1383 supinus.

646 1392 898 1470 iamque
943 1388 1080 1452 dies
1125 1388 1370 1465 aderat,
1414 1387 1506 1450 nil
1551 1408 1695 1450 cum
1737 1387 2085 1467 procedere
2122 1387 2391 1451 'lintrem
2483 1426 2487 1451 ;

645 1476 970 1553 sentimus,
1017 1473 1219 1537 donec
1267 1473 1639 1536 cerebrosus
1684 1471 1934 1553 prosilit
1977 1494 2158 1551 nune,

649 1582 724 1624 ac
769 1560 979 1623 mulae
1023 1564 1384 1640 nautaeque
1431 1564 1626 1639 caput
1668 1558 2043 1639 lumbosque
2090 1557 2337 1639 saligno

649 1646 816 1709 fuste
862 1646 1070 1709 dolat:
1118 1651 1350 1726 quarta
1391 1646 1496 1707 vix
1540 1644 1797 1708 demum
1841 1644 2219 1725 exponimur
2262 1644 2440 1709 hora.

649 1754 762 1795 ora
805 1751 1157 1811 manusque
1199 1736 1313 1794 tua
1355 1730 1641 1808 lavimus,
1680 1730 1971 1807 Feronia,
2016 1730 2293 1813 lympha.
2352 1790 2385 1803 ,,

649 1817 827 1881 milia
870 1823 1005 1879 tum
1049 1818 1268 1897 pransi
1310 1817 1437 1879 tria
1480 1816 1759 1897 repimus
1804 1823 1997 1897 atque
2044 1816 2329 1881 subimus

649 1904 993 1984 inpositum
1039 1903 1208 1965 saxis
1251 1902 1381 1965 late
1429 1902 1847 1965 candentibus
1892 1903 2127 1965 Anxur.
2494 1961 2499 1965 .

649 1990 773 2053 huc
817 1995 1119 2052 venturus
1163 1994 1305 2051 erat
1346 1988 1685 2051 Maecenas
1729 1988 2007 2069 optimus
2052 1994 2247 2068 atque
2503 2030 2506 2033 -
2598 2015 2603 2022 ·

652 2075 974 2153 CocceiuS,
1019 2075 1196 2137 missi
1241 2074 1488 2155 magnis
1533 2074 1612 2137 de
1657 2073 1849 2140 rebus
1891 2079 2161 2155 uterque

649 2161 864 2243 legati,
911 2182 1165 2225 aversos
1211 2161 1381 2225 soliti
1428 2181 1785 2242 conponere
1832 2161 2089 2224 amicos

649 2249 753 2312 hic
799 2246 1020 2317 oculis*
1045 2269 1160 2328 ego
1207 2248 1390 2328 nigra
1432 2247 1591 2310 meis
1638 2246 1900 2328 collyria
1941 2246 2170 2328 lippus·
2212 2307 2218 2313 .,

651 2334 933 2397 inlinere.
978 2334 1227 2397 interea
1269 2333 1608 2396 Maecenas
1652 2331 1910 2395 advenit
1955 2339 2147 2413 atque
2272 2402 2277 2407 ,

652 2419 973 2497 CocceiuS,
1023 2417 1374 2500 Capitoque
1421 2418 1609 2482 simul
1652 2417 1975 2498 FonteiuS,
2020 2419 2106 2482 ad
2149 2439 2425 2500 unguem

649 2506 856 2570 factus
900 2505 1110 2584 hom0,
1157 2503 1413 2583 Antoni,
1458 2526 1586 2568 non
1630 2509 1703 2566 ut
1746 2505 1949 2585 magis
1993 2504 2175 2582 alter,
2223 2505 2478 2567 amicus.
2557 2557 2558 2560 ,

649 2592 905 2655 Fundos
950 2590 1202 2667 Aufidio
1247 2591 1455 2657 Lusco
1498 2596 1795 2671 praetore
1847 2590 2139 2664 libenter,

649 2678 1011 2759 linquimuS,
1057 2677 1266 2740 insani
1309 2677 1592 2740 ridentes
1638 2677 1926 2757 praemia
1969 2676 2238 2754 scribae,
2369 2733 2372 2738 .
2439 2727 2442 2732 ,

649 2769 1050 2846 praetextam
1095 2769 1161 2826 et
1203 2762 1404 2826 latum
1451 2762 1695 2826 clavum
1746 2783 2117 2842 prunaeque
2162 2761 2463 2825 vatillum.

650 2853 716 2914 in
758 2849 1226 2914 Mamurrarum
1268 2849 1423 2912 lassi
1468 2848 1697 2911 deinde
1742 2847 1899 2911 urbe
1944 2869 2294 2926 manemUS,
2344 2915 2347 2918 ,
2388 2908 2393 2915 ,

650 2937 918 2999 Murena
961 2935 1310 3016 praebente
1359 2935 1635 3012 domum,
1684 2932 1992 3018 Capitone
2040 2934 2335 2996 culinam.

647 3027 908 3105 postera
952 3020 1062 3084 lux
1107 3020 1309 3084 oritur
1351 3020 1553 3083 multo
1598 3020 1992 3100 gratissima:
2039 3039 2316 3100 namque

648 3107 893 3170 Plotius
939 3112 1004 3170 et
1049 3106 1277 3170 Varius
1325 3105 1661 3169 Sinuessae
1706 3103 2147 3187 Vergiliusque

651 3197 1010 3270 occurrunt,
1057 3193 1326 3270 animae,
1373 3191 1593 3272 quales
1637 3211 1843 3272 neque
1892 3191 2296 3255 candidiores

650 3284 826 3342 terra
870 3277 1036 3356 tulit,
1082 3298 1288 3358 neque
1335 3278 1476 3358 quis
1522 3298 1623 3340 me
1669 3277 1754 3340 sit
1798 3277 2151 3341 devinctior
2194 3277 2376 3341 alter.

654 3387 690 3428 o
737 3364 847 3445 qui
893 3363 1237 3444 conplexus
1285 3368 1351 3426 et
1397 3362 1630 3444 gaudia
1676 3367 1915 3443 quanta
1959 3361 2247 3427 fuerunt!

651 3451 742 3514 nil
788 3471 905 3531 ego
953 3449 1330 3512 contulerim
1373 3449 1649 3512 iucundo
1694 3469 1885 3512 sanus
1931 3449 2155 3512 amicO.

653 3536 944 3618 proxima
988 3534 1312 3616 Campano
1356 3519 1539 3617 ponti
1584 3555 1747 3615 quae
1790 3533 2025 3606 villula
2072 3540 2317 3600 tectum

653 3621 969 3704 praebuit,
1017 3626 1084 3684 et
1125 3620 1410 3701 parochi,
1456 3641 1621 3701 quae
1668 3619 1923 3697 debent,
1968 3621 2143 3701 ligna
2188 3621 2519 3701 salemque.

653 3709 802 3771 hinc
846 3705 1002 3770 muli
1047 3705 1302 3788 Capuae
1350 3705 1619 3769 clitellas
1665 3712 1949 3786 tempore
1995 3713 2259 3787 ponunt.

651 3793 862 3858 lusum
905 3792 958 3856 it
999 3791 1360 3908 MaecenaS,
1407 3791 1751 3873 dormitum
1796 3813 1914 3872 ego
1960 3791 2459 3876 Vergiliusque}
