2784 4319
442 251 524 312 30

336 657 421 711 20

334 2129 411 2186 10

334 2592 411 2648 15

329 3054 409 3110 20

322 3544 503 3601 25·

1225 247 1499 296 HORATI
1535 245 1918 296 CARMINUM

850 385 1172 450 redditum
1220 383 1377 467 Cyri
1409 384 1569 448 solio
1615 383 1979 446 Phrahaten

850 473 1165 536 dissidens
1208 470 1383 552 plebi
1421 490 1688 533 numero
1734 469 2070 533 beatorum

851 558 1069 621 eximit
1112 557 1309 620 virtus
1354 556 1785 638 populumque
1829 554 2008 619 falsis

1022 643 1294 706 dedocet
1335 643 1431 705 uti

844 764 1124 841 vocibuS,
1170 783 1435 844 regnum
1480 767 1545 825 et
1589 761 1885 825 diadema
1926 763 2134 823 tutum

847 848 1139 912 deferens
1182 850 1293 911 uni
1334 849 1786 930 propriamque
1827 846 2099 924 laurum,

847 935 1130 1016 quisquis
1174 935 1463 1016 ingentes
1509 933 1692 996 oculo
1735 933 2046 995 inretorto

1016 1025 1267 1102 spectat
1308 1040 1588 1084 acervos,

1485 1160 1628 1232 ΠΙ.

844 1280 1133 1361 Aequam
1174 1284 1495 1344 memento
1539 1279 1745 1343 rebus
1773 1279 1842 1342 in
1885 1277 2103 1342 arduis

845 1387 1097 1430 servare
1140 1370 1438 1444 mentem,
1483 1385 1611 1428 non
1656 1385 1838 1429 secus
1880 1365 1948 1428 in
1989 1363 2174 1448 bonis
2203 1384 2220 1402 ·

928 1452 1010 1515 ab
1053 1451 1355 1516 insolenti
1397 1456 1821 1532 temperatam

1010 1536 1279 1617 laetitia,
1324 1537 1630 1600 moriture
1674 1535 1862 1614 Delli,

842 1678 955 1721 seu
997 1662 1279 1721 maestus
1322 1657 1498 1721 omni
1539 1663 1827 1739 tempore
1870 1653 2120 1734 vix‘eriS,

842 1764 954 1806 seu
999 1748 1064 1807 te
1107 1744 1174 1806 in
1216 1748 1463 1807 remoto
1511 1743 1794 1824 gramine
1837 1762 1954 1823 per
1998 1741 2134 1804 dies

926 1829 1123 1893 festos
1166 1829 1546 1892 reclinatum
1589 1829 1800 1892 bearis

1009 1916 1314 1980 interiore
1357 1920 1513 1978 nota
1554 1914 1826 1978 Falerni.

839 2054 966 2115 quo
1010 2035 1197 2116 pinus
1242 2035 1464 2117 ingens
1510 2035 1782 2116 albaque
1825 2034 2097 2117 populus

838 2120 1129 2184 umbram
1172 2120 1558 2203 hospitalem
1601 2121 1966 2185 consociare
2011 2124 2229 2185 amant

925 2208 1165 2271 ramis?
1211 2208 1365 2288 quid
1409 2208 1667 2289 obliquo
1711 2195 1965 2270 laborat

1006 2291 1267 2376 lympha
1308 2292 1503 2375 fugax
1547 2293 1868 2375 trepidare
1911 2294 2044 2357 rivo
2060 2292 2092 2355 Ῥ

837 2411 962 2477 huc
1005 2414 1151 2477 vina
1197 2419 1263 2478 et
1304 2420 1630 2495 unguenta
1673 2420 1739 2477 et
1780 2414 2046 2477 nimium
2089 2413 2313 2477 breves

776 2558 783 2565 .
836 2496 1025 2562 flores
1070 2520 1377 2563 amoenae
1419 2499 1588 2565 ferre
1629 2499 1778 2563 iube
1821 2519 2025 2578 rosae,
2095 2583 2102 2588 “

926 2584 1077 2648 (111111
1120 2606 1223 2649 res
1270 2592 1335 2649 et
1378 2591 1559 2650 aetas
1604 2591 1671 2650 et
1714 2606 2003 2649 sororum

1008 2669 1118 2734 fila
1161 2673 1355 2734 trium
1397 2673 1728 2753 patiuntur
1771 2677 1931 2735 atra.

838 2790 1027 2855 cedes
1073 2794 1382 2874 coemptis
1427 2792 1694 2857 saltibus
1740 2797 1804 2856 et
1848 2793 2038 2856 domo

836 2876 1131 2958 villaque,
1174 2877 1374 2943 flavus
1420 2899 1612 2960 quam
1655 2878 1900 2942 Tiberis
1944 2878 2130 2941 lavit:

926 2964 1115 3029 cedes
1159 2962 1225 3027 et
1268 2966 1606 3028 exstructis
1650 2964 1716 3027 in
1761 2964 1961 3026 altum

910 3053 914 3056 ’
1008 3050 1243 3114 divitiis
1282 3051 1566 3132 potietur
1605 3048 1809 3113 hereS.

836 3168 1093 3233 divesne
1136 3172 1347 3251 priseo
1394 3176 1581 3233 natus
1626 3169 1708 3233 ab
1751 3168 1987 3233 Inaoho

835 3254 923 3317 nil
970 3255 1237 3319 interest
1280 3277 1358 3319 an
1407 3276 1651 3336 pauper
1695 3261 1760 3318 et
1801 3254 2020 3319 infima

923 3340 1002 3404 de
1047 3346 1236 3423 gente
1282 3341 1398 3405 sub
1445 3341 1588 3404 divo
1633 3341 1919 3421 moreriS,

1005 3426 1265 3490 victima
1307 3426 1397 3489 nil
1441 3426 1801 3491 miserantis
1847 3424 2016 3491 Oroi.

836 3565 1055 3609 omnes
1100 3545 1327 3608 eodem
1372 3546 1674 3626 cogimur,
1718 3547 1998 3611 omnium
2054 3622 2062 3628 .

831 3634 1123 3693 versatur
1161 3651 1323 3694 urna
1367 3632 1568 3696 serius
1613 3633 1788 3697 ocius

922 3735 1059 3779 sors
1104 3716 1351 3780 exitura
1395 3723 1461 3781 et
1500 3737 1618 3782 nos
1661 3718 1728 3781 in
1771 3724 2099 3782 aeternum

1006 3800 1262 3865 exilium
1303 3803 1658 3886 inpositura
1701 3803 1984 3870 cumbae.
