<?xml version="1.0" encoding="UTF-8"?>
<!DOCTYPE html PUBLIC "-//W3C//DTD XHTML 1.0 Transitional//EN"
    "http://www.w3.org/TR/xhtml1/DTD/xhtml1-transitional.dtd">
<html xmlns="http://www.w3.org/1999/xhtml" xml:lang="en" lang="en">
 <head>
  <title>
</title>
<meta http-equiv="Content-Type" content="text/html;charset=utf-8" />
  <meta name='ocr-system' content='tesseract 3.04.00' />
  <meta name='ocr-capabilities' content='ocr_page ocr_carea ocr_par ocr_line ocrx_word'/>
</head>
<body>
  <div class='ocr_page' id='page_1' title='image "./qhoratiiflaccic00petsgoog_0061.png"; bbox 0 0 2784 4319; ppageno 0'>
   <div class='ocr_carea' id='block_1_1' title="bbox 229 15 434 43">
    <p class='ocr_par' dir='ltr' id='par_1_1' title="bbox 229 15 434 43">
     <span class='ocr_line' id='line_1_1' title="bbox 229 15 434 43; baseline -0.015 -21"><span class='ocrx_word' id='word_1_1' title='bbox 229 15 434 43; x_wconf 54' lang='grc' dir='ltr'>-ψφ,-,,</span> 
     </span>
    </p>
   </div>
   <div class='ocr_carea' id='block_1_2' title="bbox 996 260 1397 311">
    <p class='ocr_par' dir='ltr' id='par_1_2' title="bbox 996 260 1397 311">
     <span class='ocr_line' id='line_1_2' title="bbox 996 260 1397 311; baseline 0 -1"><span class='ocrx_word' id='word_1_2' title='bbox 996 260 1131 311; x_wconf 93' lang='lat' dir='ltr'><strong>LIB.</strong></span> <span class='ocrx_word' id='word_1_3' title='bbox 1168 261 1239 311; x_wconf 91' lang='grc' dir='ltr'>ΙΙ.</span> <span class='ocrx_word' id='word_1_4' title='bbox 1273 269 1397 310; x_wconf 85' lang='grc' dir='ltr'><strong>Ι·-Π</strong></span> 
     </span>
    </p>
   </div>
   <div class='ocr_carea' id='block_1_3' title="bbox 471 393 1696 649">
    <p class='ocr_par' dir='ltr' id='par_1_3' title="bbox 471 393 1696 649">
     <span class='ocr_line' id='line_1_3' title="bbox 471 393 1696 479; baseline 0.001 -20"><span class='ocrx_word' id='word_1_5' title='bbox 471 394 627 460; x_wconf 82' lang='grc'>111110</span> <span class='ocrx_word' id='word_1_6' title='bbox 674 393 742 460; x_wconf 79' lang='lat' dir='ltr'>et&#39;</span> <span class='ocrx_word' id='word_1_7' title='bbox 784 396 1049 460; x_wconf 92' lang='lat' dir='ltr'>deorum</span> <span class='ocrx_word' id='word_1_8' title='bbox 1094 397 1382 479; x_wconf 87' lang='lat' dir='ltr'>quisquis</span> <span class='ocrx_word' id='word_1_9' title='bbox 1429 397 1696 462; x_wconf 80' lang='lat' dir='ltr'>amicior</span> 
     </span>
     <span class='ocr_line' id='line_1_4' title="bbox 471 481 1554 564; baseline 0.002 -20"><span class='ocrx_word' id='word_1_10' title='bbox 471 481 640 546; x_wconf 77' lang='lat' dir='ltr'>Afris</span> <span class='ocrx_word' id='word_1_11' title='bbox 683 481 890 546; x_wconf 87' lang='lat' dir='ltr'>inulta</span> <span class='ocrx_word' id='word_1_12' title='bbox 934 489 1215 546; x_wconf 88' lang='lat' dir='ltr'>cesserat</span> <span class='ocrx_word' id='word_1_13' title='bbox 1257 485 1554 564; x_wconf 82' lang='lat' dir='ltr'>inpotens</span> 
     </span>
     <span class='ocr_line' id='line_1_5' title="bbox 556 567 1477 649; baseline 0.002 -19"><span class='ocrx_word' id='word_1_14' title='bbox 556 567 807 648; x_wconf 84' lang='lat' dir='ltr'>tellure,</span> <span class='ocrx_word' id='word_1_15' title='bbox 852 568 1167 632; x_wconf 83' lang='lat' dir='ltr'>victorum</span> <span class='ocrx_word' id='word_1_16' title='bbox 1210 574 1477 649; x_wconf 80' lang='lat' dir='ltr'>nepotes</span> 
     </span>
    </p>
   </div>
   <div class='ocr_carea' id='block_1_4' title="bbox 642 653 1608 736">
    <p class='ocr_par' dir='ltr' id='par_1_4' title="bbox 642 653 1608 736">
     <span class='ocr_line' id='line_1_6' title="bbox 642 653 1608 736; baseline 0.001 -19"><span class='ocrx_word' id='word_1_17' title='bbox 642 653 898 719; x_wconf 86' lang='lat' dir='ltr'>rettulit</span> <span class='ocrx_word' id='word_1_18' title='bbox 938 653 1201 719; x_wconf 82' lang='lat' dir='ltr'>inferias</span> <span class='ocrx_word' id='word_1_19' title='bbox 1243 653 1608 736; x_wconf 80' lang='lat' dir='ltr'>Iugurthae.</span> 
     </span>
    </p>
   </div>
   <div class='ocr_carea' id='block_1_5' title="bbox 472 791 1754 1132">
    <p class='ocr_par' dir='ltr' id='par_1_5' title="bbox 472 791 1754 1132">
     <span class='ocr_line' id='line_1_7' title="bbox 472 791 1754 890; baseline 0 -34"><span class='ocrx_word' id='word_1_20' title='bbox 472 793 611 874; x_wconf 91' lang='lat' dir='ltr'>quis</span> <span class='ocrx_word' id='word_1_21' title='bbox 656 813 785 856; x_wconf 91' lang='lat' dir='ltr'>non</span> <span class='ocrx_word' id='word_1_22' title='bbox 826 791 1059 856; x_wconf 87' lang='lat' dir='ltr'>Latino</span> <span class='ocrx_word' id='word_1_23' title='bbox 1104 793 1411 890; x_wconf 79' lang='lat' dir='ltr'>sanguine</span> <span class='ocrx_word' id='word_1_24' title='bbox 1455 792 1754 874; x_wconf 79' lang='lat' dir='ltr'>pinguior</span> 
     </span>
     <span class='ocr_line' id='line_1_8' title="bbox 473 878 1644 970; baseline -0.002 -28"><span class='ocrx_word' id='word_1_25' title='bbox 473 899 733 960; x_wconf 84' lang='lat' dir='ltr'>campus</span> <span class='ocrx_word' id='word_1_26' title='bbox 779 878 1131 970; x_wconf 84' lang='lat' dir='ltr'>sepulchris</span> <span class='ocrx_word' id='word_1_27' title='bbox 1175 879 1371 960; x_wconf 88' lang='lat' dir='ltr'>inpia</span> <span class='ocrx_word' id='word_1_28' title='bbox 1396 878 1644 958; x_wconf 88' lang='lat' dir='ltr'>proelia</span> 
     </span>
     <span class='ocr_line' id='line_1_9' title="bbox 556 959 1543 1044; baseline 0 -16"><span class='ocrx_word' id='word_1_29' title='bbox 556 970 835 1028; x_wconf 89' lang='lat' dir='ltr'>testatur</span> <span class='ocrx_word' id='word_1_30' title='bbox 878 959 1291 1044; x_wconf 86' lang='lat' dir='ltr'>auditumque</span> <span class='ocrx_word' id='word_1_31' title='bbox 1335 963 1543 1028; x_wconf 86' lang='lat' dir='ltr'>Medis</span> 
     </span>
     <span class='ocr_line' id='line_1_10' title="bbox 644 1049 1632 1132; baseline -0.002 -18"><span class='ocrx_word' id='word_1_32' title='bbox 644 1050 995 1132; x_wconf 81' lang='lat' dir='ltr'>Hesperiae</span> <span class='ocrx_word' id='word_1_33' title='bbox 1040 1051 1318 1113; x_wconf 87' lang='lat' dir='ltr'>sonitum</span> <span class='ocrx_word' id='word_1_34' title='bbox 1361 1050 1583 1113; x_wconf 88' lang='lat' dir='ltr'>ruinae</span> <span class='ocrx_word' id='word_1_35' title='bbox 1599 1049 1632 1112; x_wconf 77' lang='lat'>⁴?</span> 
     </span>
    </p>
   </div>
   <div class='ocr_carea' id='block_1_6' title="bbox 469 1185 1855 1525">
    <p class='ocr_par' dir='ltr' id='par_1_6' title="bbox 469 1185 1855 1525">
     <span class='ocr_line' id='line_1_11' title="bbox 470 1185 1855 1270; baseline 0 -20"><span class='ocrx_word' id='word_1_36' title='bbox 470 1188 579 1268; x_wconf 86' lang='lat' dir='ltr'>qui</span> <span class='ocrx_word' id='word_1_37' title='bbox 622 1208 853 1270; x_wconf 79' lang='lat' dir='ltr'>gurges</span> <span class='ocrx_word' id='word_1_38' title='bbox 897 1192 1011 1250; x_wconf 92' lang='lat' dir='ltr'>aut</span> <span class='ocrx_word' id='word_1_39' title='bbox 1054 1207 1219 1268; x_wconf 88' lang='lat' dir='ltr'>quae</span> <span class='ocrx_word' id='word_1_40' title='bbox 1262 1185 1526 1250; x_wconf 88' lang='lat' dir='ltr'>flumina</span> <span class='ocrx_word' id='word_1_41' title='bbox 1569 1185 1855 1268; x_wconf 86' lang='lat' dir='ltr'>lugubris</span> 
     </span>
     <span class='ocr_line' id='line_1_12' title="bbox 469 1271 1712 1354; baseline -0.001 -19"><span class='ocrx_word' id='word_1_42' title='bbox 469 1273 695 1354; x_wconf 88' lang='lat' dir='ltr'>ignara</span> <span class='ocrx_word' id='word_1_43' title='bbox 737 1271 939 1336; x_wconf 80' lang='lat' dir='ltr'>belli?</span> <span class='ocrx_word' id='word_1_44' title='bbox 982 1271 1156 1354; x_wconf 91' lang='lat' dir='ltr'>quod</span> <span class='ocrx_word' id='word_1_45' title='bbox 1202 1293 1377 1336; x_wconf 90' lang='lat' dir='ltr'>mare</span> <span class='ocrx_word' id='word_1_46' title='bbox 1423 1271 1712 1336; x_wconf 85' lang='lat' dir='ltr'>Dauniae</span> 
     </span>
     <span class='ocr_line' id='line_1_13' title="bbox 558 1357 1509 1442; baseline 0 -20"><span class='ocrx_word' id='word_1_47' title='bbox 558 1378 687 1422; x_wconf 90' lang='lat' dir='ltr'>non</span> <span class='ocrx_word' id='word_1_48' title='bbox 732 1357 1181 1442; x_wconf 75' lang='lat' dir='ltr'>decoloravere</span> <span class='ocrx_word' id='word_1_49' title='bbox 1215 1359 1459 1422; x_wconf 37' lang='lat' dir='ltr'>*caedes</span> <span class='ocrx_word' id='word_1_50' title='bbox 1478 1359 1509 1421; x_wconf 71' lang='grc' dir='ltr'>’ἓ</span> 
     </span>
     <span class='ocr_line' id='line_1_14' title="bbox 644 1443 1775 1525; baseline -0.002 -17"><span class='ocrx_word' id='word_1_51' title='bbox 644 1463 810 1525; x_wconf 86' lang='lat' dir='ltr'>quae</span> <span class='ocrx_word' id='word_1_52' title='bbox 855 1447 1033 1508; x_wconf 86' lang='lat' dir='ltr'>caret</span> <span class='ocrx_word' id='word_1_53' title='bbox 1077 1464 1193 1508; x_wconf 83' lang='lat' dir='ltr'>ora</span> <span class='ocrx_word' id='word_1_54' title='bbox 1238 1464 1464 1507; x_wconf 89' lang='lat' dir='ltr'>cruore</span> <span class='ocrx_word' id='word_1_55' title='bbox 1508 1447 1726 1506; x_wconf 87' lang='lat' dir='ltr'>nostro</span> <span class='ocrx_word' id='word_1_56' title='bbox 1743 1443 1775 1506; x_wconf 74' lang='grc' dir='ltr'><strong><em>Ῥ</em></strong></span> 
     </span>
    </p>
   </div>
   <div class='ocr_carea' id='block_1_7' title="bbox 469 1579 1748 1919">
    <p class='ocr_par' dir='ltr' id='par_1_7' title="bbox 469 1579 1748 1919">
     <span class='ocr_line' id='line_1_15' title="bbox 469 1579 1748 1661; baseline -0.001 -18"><span class='ocrx_word' id='word_1_57' title='bbox 469 1579 583 1644; x_wconf 87' lang='lat' dir='ltr'>sed</span> <span class='ocrx_word' id='word_1_58' title='bbox 625 1601 707 1644; x_wconf 90' lang='grc'>116</span> <span class='ocrx_word' id='word_1_59' title='bbox 748 1581 1011 1660; x_wconf 85' lang='lat' dir='ltr'>relictis,</span> <span class='ocrx_word' id='word_1_60' title='bbox 1057 1579 1259 1658; x_wconf 88' lang='lat' dir='ltr'>Musa,</span> <span class='ocrx_word' id='word_1_61' title='bbox 1304 1600 1546 1661; x_wconf 82' lang='lat' dir='ltr'>procax</span> <span class='ocrx_word' id='word_1_62' title='bbox 1588 1580 1748 1642; x_wconf 86' lang='lat' dir='ltr'>iocis</span> 
     </span>
     <span class='ocr_line' id='line_1_16' title="bbox 470 1663 1604 1734; baseline -0.002 -4"><span class='ocrx_word' id='word_1_63' title='bbox 470 1663 636 1730; x_wconf 86' lang='lat' dir='ltr'>Ceae</span> <span class='ocrx_word' id='word_1_64' title='bbox 678 1671 992 1730; x_wconf 77' lang='lat' dir='ltr'>retractes</span> <span class='ocrx_word' id='word_1_65' title='bbox 1036 1686 1303 1730; x_wconf 89' lang='lat' dir='ltr'>munera</span> <span class='ocrx_word' id='word_1_66' title='bbox 1346 1665 1604 1734; x_wconf 85' lang='lat' dir='ltr'>neniae:</span> 
     </span>
     <span class='ocr_line' id='line_1_17' title="bbox 550 1751 1529 1816; baseline -0.003 -1"><span class='ocrx_word' id='word_1_67' title='bbox 550 1771 802 1816; x_wconf 87' lang='lat' dir='ltr'>mecum</span> <span class='ocrx_word' id='word_1_68' title='bbox 846 1751 1133 1815; x_wconf 88' lang='lat' dir='ltr'>Dionaeo</span> <span class='ocrx_word' id='word_1_69' title='bbox 1180 1751 1296 1815; x_wconf 86' lang='lat' dir='ltr'>sub</span> <span class='ocrx_word' id='word_1_70' title='bbox 1343 1756 1529 1814; x_wconf 90' lang='lat' dir='ltr'>antro</span> 
     </span>
     <span class='ocr_line' id='line_1_18' title="bbox 638 1835 1732 1919; baseline -0.001 -19"><span class='ocrx_word' id='word_1_71' title='bbox 638 1856 874 1919; x_wconf 87' lang='lat' dir='ltr'>quaere</span> <span class='ocrx_word' id='word_1_72' title='bbox 919 1838 1144 1901; x_wconf 86' lang='lat' dir='ltr'>modos</span> <span class='ocrx_word' id='word_1_73' title='bbox 1188 1835 1426 1900; x_wconf 81' lang='lat' dir='ltr'>leviore</span> <span class='ocrx_word' id='word_1_74' title='bbox 1469 1836 1732 1918; x_wconf 80' lang='lat' dir='ltr'>plectro,</span> 
     </span>
    </p>
   </div>
   <div class='ocr_carea' id='block_1_8' title="bbox 1136 2129 1231 2205">
    <p class='ocr_par' dir='ltr' id='par_1_8' title="bbox 1136 2129 1231 2205">
     <span class='ocr_line' id='line_1_19' title="bbox 1136 2129 1231 2205; baseline -0.021 0"><span class='ocrx_word' id='word_1_75' title='bbox 1136 2129 1231 2205; x_wconf 91' lang='grc' dir='ltr'>Π.</span> 
     </span>
    </p>
   </div>
   <div class='ocr_carea' id='block_1_9' title="bbox 462 2366 1617 2706">
    <p class='ocr_par' dir='ltr' id='par_1_9' title="bbox 462 2366 1617 2450">
     <span class='ocr_line' id='line_1_20' title="bbox 462 2366 1617 2450; baseline 0 -19"><span class='ocrx_word' id='word_1_76' title='bbox 462 2366 687 2431; x_wconf 89' lang='lat' dir='ltr'>Nullus</span> <span class='ocrx_word' id='word_1_77' title='bbox 732 2374 997 2450; x_wconf 86' lang='lat' dir='ltr'>argento</span> <span class='ocrx_word' id='word_1_78' title='bbox 1046 2368 1221 2431; x_wconf 93' lang='lat' dir='ltr'>color</span> <span class='ocrx_word' id='word_1_79' title='bbox 1266 2373 1363 2431; x_wconf 86' lang='lat' dir='ltr'>est</span> <span class='ocrx_word' id='word_1_80' title='bbox 1409 2368 1617 2431; x_wconf 87' lang='lat' dir='ltr'>avaris</span> 
     </span>
    </p>

    <p class='ocr_par' dir='ltr' id='par_1_10' title="bbox 463 2452 1535 2533">
     <span class='ocr_line' id='line_1_21' title="bbox 463 2452 1535 2533; baseline 0.002 -16"><span class='ocrx_word' id='word_1_81' title='bbox 463 2454 685 2517; x_wconf 87' lang='lat' dir='ltr'>abdito</span> <span class='ocrx_word' id='word_1_82' title='bbox 728 2456 938 2533; x_wconf 86' lang='lat' dir='ltr'>terris,</span> <span class='ocrx_word' id='word_1_83' title='bbox 984 2454 1237 2517; x_wconf 87' lang='lat' dir='ltr'>inimice</span> <span class='ocrx_word' id='word_1_84' title='bbox 1282 2452 1535 2519; x_wconf 88' lang='lat' dir='ltr'>lamnae</span> 
     </span>
    </p>

    <p class='ocr_par' dir='ltr' id='par_1_11' title="bbox 469 2537 1586 2706">
     <span class='ocr_line' id='line_1_22' title="bbox 469 2537 1586 2623; baseline -0.002 -20"><span class='ocrx_word' id='word_1_85' title='bbox 469 2537 725 2623; x_wconf 85' lang='lat' dir='ltr'>Crispe</span> <span class='ocrx_word' id='word_1_86' title='bbox 734 2538 1015 2619; x_wconf 81' lang='lat' dir='ltr'>Sallusti,</span> <span class='ocrx_word' id='word_1_87' title='bbox 1059 2540 1183 2603; x_wconf 90' lang='lat' dir='ltr'>nisi</span> <span class='ocrx_word' id='word_1_88' title='bbox 1226 2544 1586 2621; x_wconf 89' lang='lat' dir='ltr'>temperato</span> 
     </span>
     <span class='ocr_line' id='line_1_23' title="bbox 639 2624 1153 2706; baseline -0.002 -18"><span class='ocrx_word' id='word_1_89' title='bbox 639 2624 975 2706; x_wconf 84' lang='lat' dir='ltr'>splendeat</span> <span class='ocrx_word' id='word_1_90' title='bbox 1015 2645 1153 2689; x_wconf 89' lang='lat' dir='ltr'>usu.</span> 
     </span>
    </p>
   </div>
   <div class='ocr_carea' id='block_1_10' title="bbox 462 2760 1658 3100">
    <p class='ocr_par' dir='ltr' id='par_1_12' title="bbox 464 2760 1568 2839">
     <span class='ocr_line' id='line_1_24' title="bbox 464 2760 1568 2839; baseline -0.001 -15"><span class='ocrx_word' id='word_1_91' title='bbox 464 2761 633 2825; x_wconf 84' lang='lat' dir='ltr'>vivet</span> <span class='ocrx_word' id='word_1_92' title='bbox 676 2766 933 2825; x_wconf 79' lang='lat' dir='ltr'>extento</span> <span class='ocrx_word' id='word_1_93' title='bbox 978 2760 1347 2825; x_wconf 86' lang='lat' dir='ltr'>Proculeius</span> <span class='ocrx_word' id='word_1_94' title='bbox 1392 2782 1568 2839; x_wconf 83' lang='lat' dir='ltr'>aevo,</span> 
     </span>
    </p>

    <p class='ocr_par' dir='ltr' id='par_1_13' title="bbox 464 2846 1616 2928">
     <span class='ocr_line' id='line_1_25' title="bbox 464 2846 1616 2928; baseline 0.001 -19"><span class='ocrx_word' id='word_1_95' title='bbox 464 2852 654 2915; x_wconf 87' lang='lat' dir='ltr'>notus</span> <span class='ocrx_word' id='word_1_96' title='bbox 696 2848 764 2911; x_wconf 91' lang='lat' dir='ltr'>in</span> <span class='ocrx_word' id='word_1_97' title='bbox 782 2846 789 2851; x_wconf 80' lang='grc'><strong><em>’</em></strong></span> <span class='ocrx_word' id='word_1_98' title='bbox 807 2846 1041 2911; x_wconf 67' lang='lat' dir='ltr'>statres</span> <span class='ocrx_word' id='word_1_99' title='bbox 1084 2847 1280 2911; x_wconf 89' lang='lat' dir='ltr'>animi</span> <span class='ocrx_word' id='word_1_100' title='bbox 1321 2848 1573 2928; x_wconf 89' lang='lat' dir='ltr'>paterni</span> <span class='ocrx_word' id='word_1_101' title='bbox 1601 2869 1616 2926; x_wconf 82' lang='lat'>3</span> 
     </span>
    </p>

    <p class='ocr_par' dir='ltr' id='par_1_14' title="bbox 462 2931 1658 3100">
     <span class='ocr_line' id='line_1_26' title="bbox 462 2931 1658 3015; baseline 0 -20"><span class='ocrx_word' id='word_1_102' title='bbox 462 2931 643 2996; x_wconf 86' lang='lat' dir='ltr'>illum</span> <span class='ocrx_word' id='word_1_103' title='bbox 686 2939 835 3015; x_wconf 89' lang='lat' dir='ltr'>aget</span> <span class='ocrx_word' id='word_1_104' title='bbox 876 2952 1089 3015; x_wconf 86' lang='lat' dir='ltr'>pen-na</span> <span class='ocrx_word' id='word_1_105' title='bbox 1130 2937 1460 2997; x_wconf 89' lang='lat' dir='ltr'>metuente</span> <span class='ocrx_word' id='word_1_106' title='bbox 1501 2931 1658 2996; x_wconf 87' lang='lat' dir='ltr'>solvi</span> 
     </span>
     <span class='ocr_line' id='line_1_27' title="bbox 634 3018 1218 3100; baseline 0 -19"><span class='ocrx_word' id='word_1_107' title='bbox 634 3018 834 3082; x_wconf 86' lang='lat' dir='ltr'>Fama</span> <span class='ocrx_word' id='word_1_108' title='bbox 878 3023 1218 3100; x_wconf 87' lang='lat' dir='ltr'>superstes.</span> 
     </span>
    </p>
   </div>
   <div class='ocr_carea' id='block_1_11' title="bbox 461 3154 1814 3477">
    <p class='ocr_par' dir='ltr' id='par_1_15' title="bbox 461 3154 1592 3253">
     <span class='ocr_line' id='line_1_28' title="bbox 461 3154 1592 3253; baseline -0.002 -34"><span class='ocrx_word' id='word_1_109' title='bbox 461 3154 655 3219; x_wconf 89' lang='lat' dir='ltr'>latius</span> <span class='ocrx_word' id='word_1_110' title='bbox 698 3176 927 3237; x_wconf 88' lang='lat' dir='ltr'>regnes</span> <span class='ocrx_word' id='word_1_111' title='bbox 970 3155 1227 3253; x_wconf 76' lang='lat' dir='ltr'>avidum</span> <span class='ocrx_word' id='word_1_112' title='bbox 1272 3155 1592 3219; x_wconf 90' lang='lat' dir='ltr'>domando</span> 
     </span>
    </p>

    <p class='ocr_par' dir='ltr' id='par_1_16' title="bbox 463 3238 1814 3324">
     <span class='ocr_line' id='line_1_29' title="bbox 463 3238 1814 3324; baseline -0.004 -20"><span class='ocrx_word' id='word_1_113' title='bbox 463 3240 775 3323; x_wconf 86' lang='lat' dir='ltr'>spiritum,</span> <span class='ocrx_word' id='word_1_114' title='bbox 820 3261 1015 3322; x_wconf 86' lang='lat' dir='ltr'>quam</span> <span class='ocrx_word' id='word_1_115' title='bbox 1057 3238 1113 3306; x_wconf 87' lang='lat' dir='ltr'>si</span> <span class='ocrx_word' id='word_1_116' title='bbox 1154 3238 1422 3324; x_wconf 82' lang='lat' dir='ltr'>Libyam</span> <span class='ocrx_word' id='word_1_117' title='bbox 1465 3241 1726 3303; x_wconf 87' lang='lat' dir='ltr'>remotis</span> <span class='ocrx_word' id='word_1_118' title='bbox 1810 3292 1814 3299; x_wconf 89' lang='lat'><em>.</em></span> 
     </span>
    </p>

    <p class='ocr_par' dir='ltr' id='par_1_17' title="bbox 462 3323 1728 3477">
     <span class='ocr_line' id='line_1_30' title="bbox 462 3323 1728 3409; baseline -0.002 -18"><span class='ocrx_word' id='word_1_119' title='bbox 462 3323 749 3391; x_wconf 82' lang='lat' dir='ltr'>Gadibus</span> <span class='ocrx_word' id='word_1_120' title='bbox 789 3328 1015 3409; x_wconf 85' lang='lat' dir='ltr'>iungas</span> <span class='ocrx_word' id='word_1_121' title='bbox 1061 3332 1127 3391; x_wconf 88' lang='lat' dir='ltr'>et</span> <span class='ocrx_word' id='word_1_122' title='bbox 1167 3331 1435 3407; x_wconf 90' lang='lat' dir='ltr'>uterque</span> <span class='ocrx_word' id='word_1_123' title='bbox 1480 3324 1728 3389; x_wconf 88' lang='lat' dir='ltr'>Poenus</span> 
     </span>
     <span class='ocr_line' id='line_1_31' title="bbox 631 3412 1035 3477; baseline -0.008 0"><span class='ocrx_word' id='word_1_124' title='bbox 631 3412 868 3477; x_wconf 81' lang='lat' dir='ltr'>serviat</span> <span class='ocrx_word' id='word_1_125' title='bbox 908 3413 1035 3475; x_wconf 90' lang='lat' dir='ltr'>uni.</span> 
     </span>
    </p>
   </div>
   <div class='ocr_carea' id='block_1_12' title="bbox 452 3545 1797 3887">
    <p class='ocr_par' dir='ltr' id='par_1_18' title="bbox 459 3545 1797 3631">
     <span class='ocr_line' id='line_1_32' title="bbox 459 3545 1797 3631; baseline -0.001 -16"><span class='ocrx_word' id='word_1_126' title='bbox 459 3545 690 3615; x_wconf 81' lang='lat' dir='ltr'>crescit</span> <span class='ocrx_word' id='word_1_127' title='bbox 731 3548 1067 3631; x_wconf 83' lang='lat' dir='ltr'>indulgens</span> <span class='ocrx_word' id='word_1_128' title='bbox 1112 3548 1234 3615; x_wconf 90' lang='lat' dir='ltr'>sibi</span> <span class='ocrx_word' id='word_1_129' title='bbox 1280 3549 1454 3613; x_wconf 89' lang='lat' dir='ltr'>dirus</span> <span class='ocrx_word' id='word_1_130' title='bbox 1498 3548 1797 3631; x_wconf 80' lang='lat' dir='ltr'>hydropS‚</span> 
     </span>
    </p>

    <p class='ocr_par' dir='ltr' id='par_1_19' title="bbox 454 3634 1720 3716">
     <span class='ocr_line' id='line_1_33' title="bbox 454 3634 1720 3716; baseline 0.002 -17"><span class='ocrx_word' id='word_1_131' title='bbox 454 3656 575 3699; x_wconf 87' lang='lat' dir='ltr'>nec</span> <span class='ocrx_word' id='word_1_132' title='bbox 618 3636 792 3699; x_wconf 87' lang='lat' dir='ltr'>sitim</span> <span class='ocrx_word' id='word_1_133' title='bbox 832 3635 1032 3716; x_wconf 83' lang='lat' dir='ltr'>pellit,</span> <span class='ocrx_word' id='word_1_134' title='bbox 1076 3635 1199 3699; x_wconf 91' lang='lat' dir='ltr'>nisi</span> <span class='ocrx_word' id='word_1_135' title='bbox 1243 3654 1438 3698; x_wconf 86' lang='lat' dir='ltr'>causa</span> <span class='ocrx_word' id='word_1_136' title='bbox 1479 3634 1686 3699; x_wconf 89' lang='lat' dir='ltr'>morbi</span> <span class='ocrx_word' id='word_1_137' title='bbox 1717 3698 1720 3701; x_wconf 77' lang='grc'><strong><em>,</em></strong></span> 
     </span>
    </p>

    <p class='ocr_par' dir='ltr' id='par_1_20' title="bbox 452 3718 1527 3887">
     <span class='ocr_line' id='line_1_34' title="bbox 452 3718 1527 3803; baseline -0.002 -18"><span class='ocrx_word' id='word_1_138' title='bbox 452 3718 690 3803; x_wconf 85' lang='lat' dir='ltr'>fugerit</span> <span class='ocrx_word' id='word_1_139' title='bbox 730 3721 907 3785; x_wconf 83' lang='lat' dir='ltr'>venis</span> <span class='ocrx_word' id='word_1_140' title='bbox 951 3726 1018 3785; x_wconf 94' lang='lat' dir='ltr'>et</span> <span class='ocrx_word' id='word_1_141' title='bbox 1060 3740 1336 3801; x_wconf 87' lang='lat' dir='ltr'>aquosus</span> <span class='ocrx_word' id='word_1_142' title='bbox 1381 3720 1527 3784; x_wconf 88' lang='lat' dir='ltr'>albo</span> 
     </span>
     <span class='ocr_line' id='line_1_35' title="bbox 629 3805 1225 3887; baseline -0.005 -17"><span class='ocrx_word' id='word_1_143' title='bbox 629 3824 896 3887; x_wconf 86' lang='lat' dir='ltr'>corpore</span> <span class='ocrx_word' id='word_1_144' title='bbox 938 3805 1225 3887; x_wconf 85' lang='lat' dir='ltr'>languor.</span> 
     </span>
    </p>
   </div>
   <div class='ocr_carea' id='block_1_13' title="bbox 2257 266 2454 462">
    <p class='ocr_par' dir='ltr' id='par_1_21' title="bbox 2257 266 2454 462">
     <span class='ocr_line' id='line_1_36' title="bbox 2257 266 2340 328; baseline 0.012 -1"><span class='ocrx_word' id='word_1_145' title='bbox 2257 266 2340 328; x_wconf 84' lang='lat'>29</span> 
     </span>
     <span class='ocr_line' id='line_1_37' title="bbox 2371 408 2454 462; baseline -0.012 0"><span class='ocrx_word' id='word_1_146' title='bbox 2371 408 2454 462; x_wconf 82' lang='lat'>25</span> 
     </span>
    </p>
   </div>
   <div class='ocr_carea' id='block_1_14' title="bbox 2365 887 2449 944">
    <p class='ocr_par' dir='ltr' id='par_1_22' title="bbox 2365 887 2449 944">
     <span class='ocr_line' id='line_1_38' title="bbox 2365 887 2449 944; baseline 0 0"><span class='ocrx_word' id='word_1_147' title='bbox 2365 887 2449 944; x_wconf 86' lang='lat'>30</span> 
     </span>
    </p>
   </div>
   <div class='ocr_carea' id='block_1_15' title="bbox 2359 1370 2443 1426">
    <p class='ocr_par' dir='ltr' id='par_1_23' title="bbox 2359 1370 2443 1426">
     <span class='ocr_line' id='line_1_39' title="bbox 2359 1370 2443 1426; baseline -0.024 0"><span class='ocrx_word' id='word_1_148' title='bbox 2359 1370 2443 1426; x_wconf 83' lang='lat'>35</span> 
     </span>
    </p>
   </div>
   <div class='ocr_carea' id='block_1_16' title="bbox 2356 1850 2438 1906">
    <p class='ocr_par' dir='ltr' id='par_1_24' title="bbox 2356 1850 2438 1906">
     <span class='ocr_line' id='line_1_40' title="bbox 2356 1850 2438 1906; baseline 0.024 -2"><span class='ocrx_word' id='word_1_149' title='bbox 2356 1850 2438 1906; x_wconf 84' lang='lat'>40</span> 
     </span>
    </p>
   </div>
   <div class='ocr_carea' id='block_1_17' title="bbox 2339 3256 2419 3311">
    <p class='ocr_par' dir='ltr' id='par_1_25' title="bbox 2339 3256 2419 3311">
     <span class='ocr_line' id='line_1_41' title="bbox 2339 3256 2419 3311; baseline 0.013 -1"><span class='ocrx_word' id='word_1_150' title='bbox 2339 3256 2419 3311; x_wconf 88' lang='grc'>10</span> 
     </span>
    </p>
   </div>
   <div class='ocr_carea' id='block_1_18' title="bbox 2335 3735 2413 3789">
    <p class='ocr_par' dir='ltr' id='par_1_26' title="bbox 2335 3735 2413 3789">
     <span class='ocr_line' id='line_1_42' title="bbox 2335 3735 2413 3789; baseline 0.013 -1"><span class='ocrx_word' id='word_1_151' title='bbox 2335 3735 2413 3789; x_wconf 88' lang='grc'>15</span> 
     </span>
    </p>
   </div>
  </div>
 </body>
</html>
