2784 4319
349 194 470 254 190
1069 190 1344 239 HORATI
1381 189 1883 241 EPISTULARUM

241 591 324 644 65

446 333 512 391 te
561 328 722 391 duce
765 348 884 410 per
925 322 1160 410 pueros
1205 326 1425 391 hostili
1470 339 1677 391 more
1692 314 1989 405 refertur,

449 414 852 478 adversarius
900 421 999 479 est
1042 413 1262 493 frater,
1308 413 1487 477 lacus
1534 412 1810 493 Hadria,
1844 414 2051 479 donec

449 499 830 564 alterutrum
859 500 1059 565 velox
1101 500 1388 564 Victoria
1434 499 1659 564 fronde
1706 464 1987 564 co⁷ronet

451 587 810 651 consentire
855 587 986 651 suis
1031 584 1260 651 studiis
1305 586 1417 667 qui
1462 586 1807 650 crediderit
1858 591 1943 665 te,

269 694 274 704 ·
341 684 345 689 ·
449 670 664 735 fautor
707 676 981 753 utroque
1024 677 1208 736 tuum
1249 671 1545 736 laudabit
1587 671 1819 753 pollice
1864 670 2104 737 ludum.

244 974 325 1111 {0

245 1454 332 1570 753

245 1886 328 1938 80

247 2317 328 2370 85

165 2709 168 2713 ,
247 2751 329 2835 99

232 3181 328 3300 *³³⁵

251 3605 372 3664 100

450 758 741 838 protinus
784 764 857 821 ut
901 779 1214 838 moneam,
1261 758 1316 823 31
1361 759 1516 839 quid
1560 757 1892 822 monitoris
1939 778 2087 839 eges
2132 764 2236 822 tu:

451 844 606 923 quid
651 844 731 907 de
777 865 1030 927 1111011110
1074 845 1209 908 1110
1257 849 1323 909 et
1367 845 1471 909 0111
1515 845 1711 921 dicae,
1758 864 1950 925 saepe
1994 844 2230 908 videto.

449 936 968 1010 percontatorem
1013 929 1247 1013 fugito:
1293 952 1445 994 nam
1488 952 1604 1012 gar
1606 930 1781 993 1111113
1829 930 1999 993 idem
2043 936 2163 1008 est,

449 1036 566 1079 nec
610 1017 889 1081 retinent
933 1017 1196 1099 patulae
1241 1018 1561 1080 conmissa
1604 1015 1883 1079 fideliter
1926 1037 2138 1097 aureS,

449 1107 514 1165 et
558 1102 772 1165 semel
801 1104 1100 1174 emissum
1144 1102 1322 1167 volat
1363 1101 1790 1166 inrevocabile
1836 1101 2117 1165 verbum.

447 1208 575 1251 non
620 1188 855 1253 ancilla
897 1190 1108 1278 tuum
1123 1190 1300 1255 iecur
1343 1188 1589 1253 ulceret
1632 1187 1765 1251 ulla
1809 1208 2045 1286 puerve
2146 1220 2158 1226 ·

449 1274 619 1339 intra
663 1273 1091 1339 marmoreum
1131 1276 1483 1341 venerandi
1524 1275 1721 1337 limen
1766 1274 1973 1353 amici,

449 1382 530 1423 ne
577 1361 869 1426 dominus
915 1362 1098 1443 pueri
1141 1361 1392 1443 pulchri
1438 1381 1703 1425 caraeve
1747 1359 2005 1442 puellae

449 1468 710 1511 munere
755 1455 822 1511 te
866 1468 1064 1529 parvo
1109 1449 1260 1513 beet
1304 1453 1419 1511 aut
1461 1446 1899 1512 incommodus
1946 1450 2159 1529 angat

451 1532 707 1629 qualem
751 1534 1176 1614 commendes,
1223 1534 1421 1599 etiam
1466 1540 1659 1621 atque
1708 1533 1903 1596 etiam
1946 1534 2185 1621 aspice,
2236 1554 2319 1597 ne
2366 1554 2519 1599 mox

450 1618 765 1683 incutiant
809 1620 1020 1684 aliena
1061 1586 1182 1686 tibi
1222 1626 1497 1702 peccata
1538 1618 1867 1701 pudorem.

449 1704 731 1769 fallimur
775 1712 841 1770 et
885 1707 1209 1788 quondam
1253 1727 1382 1771 non
1427 1707 1688 1788 dignum
1730 1705 2077 1769 tradimus:
2126 1726 2279 1787 ergo

452 1812 642 1871 quem
687 1814 803 1855 sua
848 1793 1037 1875 culpa
1081 1797 1348 1875 premet,
1396 1794 1703 1889 deceptus
1747 1791 1972 1854 omitte
2016 1792 2205 1871 tueri,

453 1882 525 1939 ut
567 1878 822 1959 penitus
867 1887 1107 1958 notum,
1155 1880 1210 1943 si
1251 1883 1571 1960 temptent
1616 1878 1899 1955 crimina,
1949 1898 2165 1941 serves

452 1966 806 2045 tuterisque
849 1970 962 2029 tuo
1006 1964 1312 2028 fidentem
1353 1964 1710 2047 praesidio:
1758 1963 1868 2045 qui

454 2050 644 2115 dente
691 2050 1016 2116 Theonino
1063 2072 1208 2115 cum
1254 2050 1759 2129 circumroditur,
1806 2048 2037 2131 ecquid

452 2136 536 2200 ad
579 2144 646 2202 te
690 2143 839 2219 post
882 2136 1074 2220 paulo
1120 2142 1392 2202 ventura
1434 2136 1723 2220 pericula
1768 2137 2013 2200 sentis?

453 2245 600 2287 nam
643 2230 758 2288 tua
800 2246 904 2289 res
951 2225 1181 2312 agitur,
1226 2226 1441 2306 paries
1487 2245 1630 2288 cum
1673 2224 1999 2305 proximus
2045 2223 2252 2303 ardet,

455 2315 519 2372 et
563 2310 858 2392 neglecta
903 2305 1112 2374 solent
1154 2311 1453 2375 incendia
1496 2329 1747 2375 sumere
1790 2310 1975 2372 11103.

455 2396 657 2460 dulcis
704 2397 1052 2478 inexpertis
1098 2397 1350 2462 cultura
1392 2397 1673 2479 potentis
1726 2397 1945 2459 amici:

454 2488 753 2564 expertus
798 2485 1042 2548 metuit.
1088 2489 1180 2564 tu,
1227 2484 1391 2548 dum
1424 2488 1537 2546 tua
1581 2481 1759 2546 navis
1804 2483 1871 2545 in
1916 2481 2047 2545 alto
2096 2486 2215 2560 est,

451 2569 575 2632 hoc
621 2590 758 2652 age,
805 2591 884 2634 ne
931 2574 1180 2633 mutata
1222 2576 1576 2635 retrorsum
1618 2574 1685 2631 te
1728 2567 1897 2632 ferat
1943 2589 2119 2632 aura.

455 2655 727 2719 oderunt
769 2656 1042 2720 hilarem
1083 2657 1302 2720 tristes
1346 2657 1725 2736 tristemque
1770 2655 1988 2733 iocosi,

455 2741 748 2806 sedatum
793 2742 1052 2822 0010103,
1101 2741 1333 2824 agilem
1376 2761 1733 2821 navumque
1778 2741 2065 2820 remissi3

453 2833 713 2909 potores
757 2827 960 2892 bibuli
1004 2829 1218 2892 media
1262 2829 1342 2892 de
1387 2832 1576 2891 nocte
1628 2826 1885 2890 Falerni

456 2913 728 2978 oderunt
769 2920 1071 2996 porrecta
1114 2920 1456 2996 negantem
1492 2913 1749 2995 pocula,
1798 2914 2089 2995 quamvis

454 3005 798 3065 nocturnos
843 3001 1015 3064 iures
1058 3007 1124 3064 te
1170 2999 1514 3063 formidare
1558 3005 1833 3080 teporeS.

455 3075 638 3150 deme
685 3086 1024 3168 supercilio
1069 3086 1333 3150 nubem:
1381 3086 1774 3167 plerumque.
1804 3086 2133 3148 modestus

455 3178 728 3254 occupat
772 3172 1030 3237 obscuri
1073 3172 1379 3254 speciem,
1416 3173 1771 3235 taciturnus
1818 3172 2052 3235 acerbi.

452 3260 621 3322 inter
666 3264 898 3322 cuncta
939 3258 1116 3340 leges
1162 3263 1227 3322 et
1269 3258 1733 3341 percontabere
1781 3258 2025 3335 (100103,

455 3365 582 3425 qua
625 3345 876 3408 ratione
923 3365 1122 3426 queas
1165 3346 1506 3409 traducere
1550 3343 1783 3407 leniter
1828 3365 2085 3407 aevum.

453 3453 606 3494 num
649 3436 714 3494 te
761 3451 1014 3513 semper
1056 3431 1240 3513 inops
1286 3433 1488 3512 agitet
1531 3435 1843 3510 vexetque
1891 3429 2149 3510 cupidO,

452 3539 605 3581 num
647 3537 849 3598 pavor
894 3523 959 3582 et
1002 3539 1217 3581 rerum
1239 3517 1670 3581 :mediocriter
1711 3517 1965 3579 utilium
2011 3535 2177 3596 speS,

453 3604 774 3666 11111110111·
800 3602 1094 3668 doctrina
1137 3607 1324 3686 paret
1367 3607 1681 3666 naturane
1728 3603 1942 3681 donet,
2247 3609 2252 3614 “

453 3690 608 3771 quid
651 3690 898 3754 minuat
944 3711 1148 3767 curas,
1196 3689 1374 3770 quid*
1396 3694 1461 3752 te
1504 3689 1625 3753 tibi
1666 3688 1901 3752 reddat
1945 3689 2239 3764 amicum,

453 3777 608 3858 quid
651 3796 809 3857 pure
853 3774 1247 3856 tranquillet,
1293 3774 1499 3838 honos
1543 3797 1626 3838 an
1672 3774 1857 3839 dulce
1901 3772 2203 3839 lucellum
