2784 4319
354 179 440 240 72

242 1260 369 1350 10·

256 1757 329 1813 15

251 2222 329 2275 20

248 2719 327 2774 25

1150 177 1428 228 HORATI
1466 177 1851 230 CARMINUM

1348 315 1637 388 XXIX.

665 449 991 534 Tyrrhena
1032 419 1265 534 regum
1297 427 1655 534 progenies,
1702 451 1819 514 tibi

663 557 793 600 11011
836 543 986 602 ante
1030 560 1212 603 verso
1255 537 1401 601 lene
1445 559 1692 601 merum
1737 538 1906 600 cado

751 643 895 686 cum
938 622 1113 704 flore,
1158 623 1519 702 Maecenas,
1564 644 1856 686 rosarum
1904 630 1970 687 et

834 722 1072 790 pressa*
1099 711 1227 774 tuis
1270 709 1541 773 balanus
1587 709 1834 789 capillis

665 827 797 892 iam
842 828 1083 893 dudum
1128 830 1299 911 apud
1343 851 1448 892 me
1495 835 1624 893 est:
1671 829 1844 910 eripe
1890 835 1955 893 te
2000 848 2238 910 morae,

662 933 782 978 nec
829 935 1081 998 semper
1123 917 1322 979 udum
1365 913 1564 978 Tibur
1609 920 1676 979 et
1717 914 1984 980 Aefulae

749 1000 990 1066 declive
1036 1001 1485 1082 contempleris
1531 1023 1752 1064 arvum
1799 1007 1865 1064 et

834 1087 1133 1169 Telegoni
1178 1088 1329 1168 iuga
1370 1087 1750 1168 parricidae.

665 1204 1067 1274 fastidiosam
1112 1209 1335 1270 desere
1381 1209 1635 1288 copiam
1679 1214 1744 1270 et

665 1292 899 1356 molem
930 1295 1367 1390 propinquam
1411 1292 1686 1356 nubibus
1733 1293 1981 1372 arduiS3

747 1380 973 1443 omitte
1017 1381 1140 1442 11111·
1142 1379 1236 1441 ari
1278 1377 1512 1442 beatae

830 1463 1073 1528 fumum
1120 1470 1187 1527 et
1230 1463 1383 1544 opes
1430 1465 1892 1545 strepitumque
1939 1456 2200 1526 Romae.

662 1582 1038 1665 plerumque
1084 1589 1303 1665 gratae
1349 1583 1650 1647 divitibus
1693 1585 1880 1650 vices

659 1669 1063 1751 mundaeque
1106 1690 1300 1750 parvo
1348 1669 1466 1734 sub
1509 1668 1646 1732 lare
1690 1690 2044 1750 pauperum

748 1775 943 1820 cenae
990 1755 1126 1818 sine
1171 1755 1412 1818 aulaeis
1460 1760 1527 1819 et
1571 1761 1745 1819 ostro

832 1841 1170 1904 sollicitam
1214 1841 1578 1921 explicuere
1623 1841 1916 1904 frontem.

664 1960 796 2024 iam
842 1959 1049 2024 clarus
1097 1960 1418 2022 occultum
1461 1960 1908 2024 Andromedae
1951 1965 2142 2042 pater

660 2045 945 2111 ostendit
985 2047 1217 2128 ignem,
1262 2047 1392 2109 iam
1436 2046 1724 2128 Procyon
1767 2046 1923 2138 furit

746 2136 814 2197 et
857 2131 1047 2197 stella
1088 2133 1307 2197 vesani
1349 2131 1602 2210 Leonis

830 2218 964 2282 sole
1010 2218 1147 2281 dies
1190 2217 1509 2282 referente
1556 2220 1788 2297 siccOS3

658 2338 789 2402 iam
832 2342 1057 2419 pastor
1100 2337 1357 2401 umbras
1407 2359 1550 2401 cum
1596 2360 1784 2421 grege
1829 2337 2132 2419 languido

654 2425 993 2505 rivumque
1036 2422 1243 2488 fessus
1288 2426 1542 2505 quaerit
1587 2431 1654 2488 et
1697 2424 1941 2489 horridi

743 2510 1007 2574 dumeta
1052 2508 1292 2573 Silvani
1338 2516 1645 2591 caretque

826 2596 971 2677 ripa
1012 2596 1191 2677 vagis
1236 2596 1560 2659 taciturna
1603 2596 1832 2659 ventis.

656 2719 731 2778 tu
776 2716 1101 2779 civitatem
1146 2716 1288 2796 quis
1336 2715 1566 2778 deceat
1609 2722 1816 2779 status

658 2820 865 2879 curas,
911 2805 979 2863 et
1020 2800 1167 2865 urbi
1211 2800 1520 2864 sollicitus
1565 2802 1773 2880 timeS‚

745 2885 901 2968 quid
946 2884 1133 2949 Seres
1180 2891 1247 2949 et
1288 2892 1560 2967 regnata
1605 2886 1766 2969 Cyro

720 2991 726 2995 ·
826 2970 1063 3034 Bactra
1106 2976 1337 3052 parent
1380 2972 1740 3054 Tanaisque
1793 2973 2058 3037 discors·

656 3084 939 3173 prudens
984 3090 1182 3154 futuri
1226 3092 1534 3173 temporis
1581 3094 1819 3156 exitum

656 3176 1005 3257 caliginosa
1047 3182 1236 3241 nocte
1279 3179 1518 3258 premit
1563 3179 1719 3241 deus

740 3263 1057 3343 ridetque,
1104 3263 1158 3326 si
1201 3264 1492 3326 mortalis
1537 3264 1708 3327 ultra

828 3348 925 3413 fas
970 3349 1270 3430 trepidat.
1319 3350 1491 3429 quod
1537 3350 1722 3413 adest
1766 3354 2087 3412 memento

654 3484 1014 3547 conponere
1060 3488 1335 3549 aequus:
1386 3474 1604 3531 cetera
1646 3467 1924 3531 fluminis

650 3553 793 3616 ritu·
824 3551 1136 3631 feruntur,
1181 3574 1350 3616 nunc
1395 3554 1607 3616 medio
1655 3554 1834 3617 alveo

740 3658 887 3702 cum
928 3658 1089 3719 pace
1136 3637 1492 3702 delabentis
1539 3639 1882 3701 Etruscum

824 3724 891 3787 in
934 3744 1131 3802 mare,
1176 3745 1345 3789 nunc
1388 3724 1638 3805 lapides
1685 3724 1916 3787 adesos
