2784 4319
381 197 459 258 16

277 429 354 484 10

277 895 354 950 15

274 2182 354 2233 10

279 3573 356 3625 10

1163 196 1436 246 HORATI
1472 191 1855 244 CARMINUM

681 335 752 400 in
793 358 896 401 me
939 343 1080 402 tota
1122 357 1311 400 ruens
1355 335 1570 398 Venus

857 421 1136 521 Cyprum
1177 422 1477 498 deseruit,
1522 440 1641 483 nec
1684 417 1930 500 patitur
1972 413 2239 498 Scythas

683 513 752 572 et
792 510 990 573 versis
1035 509 1390 572 animosum
1434 505 1613 588 equis

855 587 1161 658 Parthum
1199 594 1415 658 dicere
1458 613 1576 656 nec
1612 611 1777 672 quae
1821 587 1980 652 nihil
2014 585 2322 650 adtinent.

683 715 788 780 1110
830 715 1040 780 vivum
1083 715 1238 780 mihi
1283 715 1649 798 caespitem,
1694 712 1801 777 hic

854 801 1182 881 verbenaS,
1225 803 1429 884 pueri,
1480 800 1699 883 ponite
1744 805 2013 880 turaque

683 886 837 952 bimi
881 907 1026 952 cum
1067 893 1294 970 patera
1336 887 1527 951 meri:
2743 936 2745 964 ἶ

855 979 1136 1037 mactata
1177 975 1390 1037 veniet
1437 974 1645 1037 lenior
1683 972 1914 1037 hostia.
2733 1013 2751 1140 j

683 1321 826 1387 Vile
867 1320 1121 1405 potabis
1164 1321 1433 1386 modicis
1477 1319 1783 1386 Sabinum

687 1408 1026 1487 canthariS,
1073 1407 1321 1472 Graeca
1365 1407 1539 1488 quod
1583 1428 1700 1489 ego
1744 1409 1883 1490 ipse
1927 1413 2096 1474 testa

686 1493 1011 1558 conditum
1054 1494 1196 1574 levi,
1243 1495 1431 1557 datus
1475 1493 1541 1556 in
1584 1493 1838 1559 theatro

857 1601 1000 1643 cum
1042 1579 1163 1644 tibi
1203 1580 1483 1662 plausuS,

685 1721 833 1764 care
876 1699 1214 1765 Maecenas
1259 1721 1473 1782 eques,
1516 1707 1589 1764 ut
1632 1701 1887 1782 paterni

683 1783 958 1850 fluminis
1003 1787 1202 1867 ripae,
1247 1786 1437 1850 simul
1480 1792 1545 1850 et
1588 1788 1807 1854 iocosa

683 1870 984 1936 redderet
1025 1871 1249 1936 laudes
1291 1872 1413 1936 tibi
1455 1871 1750 1938 Vaticani

855 1957 1089 2021 montis
1131 1958 1362 2040 imago,

685 2075 1046 2143 Caecubum
1091 2084 1159 2142 et
1198 2079 1377 2163 prelo
1424 2079 1733 2144 domitam
1777 2080 2011 2146 Caleno

683 2171 757 2227 tu
800 2165 980 2229 bibes
1025 2188 1236 2229 uvam:
1282 2188 1428 2231 mea
1469 2189 1588 2231 nec
1632 2168 1943 2232 Falernae

685 2256 1046 2333 temperant
1087 2254 1250 2317 vites
1293 2274 1500 2335 neque
1543 2254 1867 2319 Formiani

856 2336 1090 2419 pocula
1135 2338 1345 2402 colles,

1396 2532 1604 2605 XXI.
2728 2387 2744 2677 ἶ

685 2714 960 2782 Dianam
1002 2724 1263 2783 tenerae
1308 2721 1503 2785 dicite
1547 2723 1839 2805 virgines»,
2733 2690 2747 2803 1

683 2804 1022 2883 1111011811111,
1069 2807 1269 2885 pueri,
1315 2807 1510 2871 dicite
1555 2806 1892 2891 Cynthium

767 2888 1206 2972 Latonamque
1252 2914 1547 2973 supremo

857 2976 1157 3041 dilectam
1201 2980 1455 3059 penitus
1496 2979 1650 3043 Iovi.

685 3202 1120 3263 quaecumque
1165 3190 1278 3246 aut
1321 3184 1529 3264 gelido
1574 3186 1892 3264 prominet
1934 3185 2183 3267 Algido,

769 3269 967 3349 nigris
1012 3274 1126 3331 aut
1167 3269 1543 3351 Erymanthi

857 3354 1029 3418 silvis
1075 3360 1189 3417 aut
1229 3355 1449 3419 viridis
1495 3354 1699 3437 Gragi.

685 3496 797 3539 vos
841 3474 1080 3554 Tempe
1124 3475 1394 3539 totidem
1437 3474 1645 3539 tollite
1688 3475 1985 3541 laudibus

685 3560 1110 3640 natalemque,
1155 3581 1382 3639 mares,
1426 3560 1634 3624 Delon
1677 3562 1987 3644 Apollinis

772 3646 1210 3727 insignemque
1253 3645 1559 3726 pharetra
2076 3661 2081 3665 ”

684 3117 796 3159 vos
839 3096 1076 3161 laetam
1119 3097 1323 3163 fluviis
1369 3104 1437 3162 et
1478 3120 1807 3161 nemorum
1853 3118 2052 3178 coma,
2733 3119 2751 3667 ἒ

855 3732 1272 3813 fraternaque
1309 3750 1597 3795 umerum
1640 3733 1791 3817 lyra.
2741 3670 2751 4207 1
