2784 4319
410 268 495 343 816

306 491 386 543 30

306 1459 387 1512 40

306 1995 386 2050 45

1206 270 1480 322 HORA'H
1520 269 1904 322 CARMINUM
1961 279 1968 285 '

814 467 817 470 ,
876 405 1138 489 paulum
1184 407 1476 489 sepultae
1523 408 1722 472 distat
1765 410 2036 473 inertiae

878 491 1087 555 celata
1129 493 1365 561 virtus:
1407 515 1537 558 non
1581 515 1699 576 ego
1744 503 1811 560 te
1856 497 2013 560 meis
2051 501 2056 505 “

964 577 1201 642 chartis
1246 581 1612 652 inornatum
1657 581 1879 662 sileb0‚

1048 669 1223 729 totve
1269 672 1416 748 tuos
1459 668 1675 748 patiar
1715 668 1972 734 labores

875 803 1146 885 inpune‚'
1176 802 1363 884 Lolli,
1411 827 1674 888 carpere
1719 806 1948 872 lividas

877 889 1244 955 obliviones,
1294 895 1394 955 est
1436 894 1686 956 animus
1731 892 1850 957 tibi

961 997 1301 1058 rerumque
1346 979 1628 1058 prudens
1675 985 1740 1042 et
1784 981 2080 1044 secundis

1046 1062 1442 1144 temporibus
1489 1063 1824 1147 dubiisque
1868 1074 2100 1141 rectus

876 1202 1105 1268 vindex
1150 1223 1381 1268 avarae
1427 1203 1671 1268 fraudis
1719 1209 1786 1268 et
1829 1205 2160 1270 abstinens

875 1288 1167 1352 ducentis
1211 1291 1297 1354 ad
1341 1311 1410 1354 se
1457 1296 1687 1354 cuncta
1728 1293 2038 1373 pecuniae

960 1375 1307 1457 consulque
1352 1397 1481 1440 non
1526 1378 1710 1441 unius
1756 1380 1936 1458 anni3

886 1472 892 1478 ’
1047 1462 1162 1527 sed
1206 1464 1503 1542 quotiens
1546 1462 1751 1528 bonus
1795 1469 1990 1546 atque
2035 1463 2204 1528 fidus

832 1657 835 1661 .
874 1600 1068 1663 iudex
1109 1599 1451 1666 honestum
1493 1601 1804 1684 praetulit
1846 1603 2009 1682 utili,

874 1686 1099 1750 reiecit
1142 1687 1275 1751 alto
1322 1687 1492 1752 dona
1533 1689 1902 1764 nocentium
2077 1687 2084 1693 ”

959 1772 1153 1848 voltu
1168 1793 1317 1855 per
1359 1775 1689 1858 obstantes
1735 1781 1912 1839 cate1
1913 1797 2022 1846 vas

1048 1838 1352 1940 explicuit
1397 1883 1514 1925 sua
1553 1850 1759 1925 uictor
1801 1853 2000 1926 arma.

874 2018 1003 2061 non
1046 1999 1484 2078 possidentem
1527 2001 1731 2065 multa
1771 2002 2098 2068 vocaveiis

874 2089 1051 2147 recte
1096 2084 1386 2150 beatum:
1435 2088 1672 2150 rectius
1718 2094 1993 2169 occupat

961 2192 1193 2235 nomen
1238 2172 1440 2259 beati2
1480 2174 1590 2255 qui
1634 2174 1898 2240 deorum
1999 2206 2005 2208 „

1047 2259 1418 2323 muneribus
1463 2262 1788 2342 sapienter
1829 2262 1925 2325 uti

876 2398 1230 2480 duramque
1276 2397 1470 2463 callet
1513 2400 1887 2481 pauperiem
1930 2400 2088 2482 pati,

876 2485 1185 2565 peiusque
1227 2484 1366 2549 leto.
1405 2484 1718 2567 flagitium
1761 2486 1965 2565 timet,

962 2591 1089 2635 non
1133 2571 1241 2635 ille
1287 2592 1406 2654 pro
1453 2572 1617 2635 caris
1663 2572 1883 2636 amicis

1048 2663 1161 2723 aut
1202 2659 1418 2739 patria
1461 2658 1722 2721 timidus
1766 2659 1994 2740 perire.

1539 2956 1570 2979 Υ

1502 2957 1614 3029 λ»

620 3162 675 3226 Ο
724 3162 1001 3227 crudelis
1048 3163 1259 3227 adhuc
1304 3169 1372 3228 et
1417 3162 1685 3227 Veneris
1730 3164 2098 3227 muneribus
2141 3168 2392 3245 potem,

619 3250 947 3332 insperata
988 3254 1141 3314 tuae
1188 3271 1332 3313 cum
1374 3250 1588 3312 veniet
1631 3248 1849 3334 pluma
1894 3249 2230 3331 superbiae

621 3340 703 3414 et,
751 3356 915 3417 quae
960 3357 1127 3400 nunc
1172 3336 1410 3400 umeris
1453 3335 1810 3417 involitant‚
1858 3336 2215 3400 deciderint
2259 3340 2530 3417 comae‚'

619 3444 788 3486 nunc
834 3427 900 3486 et
944 3424 1052 3505 qui
1101 3423 1277 3508 color
1322 3426 1424 3486 est
1464 3422 1777 3503 puniceae
1819 3420 1977 3487 flore
2022 3423 2200 3504 prior
2243 3443 2451 3501 rosae,

620 3566 905 3625 mutatus
948 3560 1322 3668 Ligurinum
1367 3561 1434 3624 in
1479 3560 1711 3625 faciem
1755 3561 2023 3624 verterit
2064 3559 2406 3642 hispidam,

621 3648 795 3712 dices
832 3640 1023 3727 ‘'heu,
1073 3648 1367 3729 quotiens
1413 3652 1478 3711 te
1524 3645 1782 3729 speculo
1827 3647 2061 3710 videris
2105 3646 2398 3726 alterum,

618 3734 805 3817 'quae
850 3753 1029 3798 mens
1076 3738 1175 3797 est
1216 3732 1428 3813 hodie,
1475 3754 1589 3798 cur
1633 3732 1860 3797 eadem
1905 3754 2032 3797 non
2075 3754 2276 3815 puero
2321 3732 2462 3813 fuit

620 3820 725 3885 uel
770 3840 885 3884 cur
926 3819 1026 3885 his
1070 3820 1299 3885 animis
1344 3819 1694 3884 incolumes
1737 3840 1866 3883 non
1909 3819 2186 3883 redeunt
2227 3817 2517 3901 genae¹?’
