2784 4319
379 17 507 45 ’νγ-ι
549 19 552 21 ’
648 25 657 34 .

1208 223 1383 262 vl-Ix

642 349 877 432 equina
920 350 1142 432 quales
1186 351 1408 429 ubera,

474 441 815 518 venterque
858 437 1067 501 mollis
1114 441 1178 501 et
1220 437 1430 500 femur
1472 435 1866 502 tumentibus

642 523 804 586 exile
850 525 1015 587 suris
1059 523 1369 587 additum.

472 614 608 672 esto
654 609 866 688 beata,
910 609 1100 674 funus
1144 615 1340 691 atque
1383 611 1697 691 imagines

642 695 884 758 ducant
926 695 1346 777 triumphales
1392 701 1592 774 tuum,

468 801 587 844 nec
630 783 716 844 sit
758 782 1011 862 marita,
1058 802 1223 863 quae
1267 782 1754 846 rotundioribus

646 873 879 932 onusta
920 867 1099 932 bacis
1144 867 1466 947 ambulet3

468 954 624 1036 quid
666 954 842 1035 quod
883 953 1086 1018 libelli
1132 953 1332 1018 Stoici
1374 955 1545 1017 inter
1587 955 1826 1018 sericos

638 1039 853 1104 iacere
896 1039 1193 1122 pulvillos
1238 1045 1490 1104 amant:

464 1126 808 1191 inlitterati
850 1147 1003 1190 num
1046 1127 1253 1190 minus
1298 1127 1477 1190 nervi
1521 1127 1749 1208 rigent,

638 1213 925 1276 minusve
967 1212 1230 1295 languet
1271 1211 1631 1276 fascinum?

468 1299 641 1380 quod
682 1304 759 1362 ut
801 1298 1077 1379 superbo
1122 1318 1430 1380 provoces
1476 1298 1558 1361 ab
1603 1299 1879 1380 inguine,

642 1405 755 1450 ore
799 1385 1311 1450 adlaborandum
1356 1391 1458 1448 est
1500 1384 1637 1448 tibi.

1145 1559 1269 1632 IX.

468 1711 738 1788 Quando
774 1718 1106 1794 repostum
1148 1710 1513 1777 Caecubum
1550 1713 1635 1776 ad
1672 1711 1870 1777 :festas
1909 1714 2128 1795 dapeS,

639 1799 881 1863 victore
923 1799 1134 1863 laetus
1181 1798 1475 1877 Caesare,

466 1890 681 1949 tecum
726 1884 843 1949 sub
890 1884 1024 1948 alta
1070 1887 1190 1969 (sic
1232 1885 1367 1948 Iovi
1413 1886 1694 1968 gratum)
1744 1885 1956 1966 dom0,

636 1970 829 2036 beate
872 1971 1232 2048 MaecenaS,
1279 1970 1520 2049 bibam,

468 2063 739 2122 sonante
784 2059 1053 2122 mixtum
1098 2058 1275 2121 tibiis
1320 2075 1580 2121 carmen
1625 2057 1780 2140 lyra,

638 2142 760 2208 hac
804 2144 1091 2224 Dorium,
1139 2144 1263 2208 illis
1306 2143 1698 2208 barbarum?

464 2235 544 2293 ut
584 2251 807 2312 nuper,
854 2236 1035 2294 actus
1082 2252 1226 2294 cum
1270 2229 1436 2293 freto
1481 2230 1844 2326 Neptunius

641 2316 771 2380 dux
814 2316 979 2399 fugit
1021 2317 1181 2380 ustis
1225 2316 1512 2394 navibuS,

468 2403 749 2467 minatus
792 2403 937 2466 urbi
980 2402 1207 2482 vincla,
1254 2422 1420 2484 quae
1465 2366 1838 2466 detraxerat

638 2489 837 2553 servis
881 2489 1123 2552 amicus
1164 2487 1446 2569 perfidis.

472 2574 817 2653 Romanus,
864 2574 1045 2654 eheu,
1094 2576 1365 2658 (posteri
1409 2574 1754 2655 negabitis)

641 2661 1083 2742 emancipatus
1128 2661 1404 2724 feminae

466 2746 594 2809 fert
633 2746 871 2811 vallum
917 2752 983 2811 et
1026 2768 1209 2810 arma
1251 2747 1453 2825 1111163,
1501 2752 1568 2810 et
1611 2744 2001 2825 spadonibus

640 2834 877 2897 servire
922 2834 1171 2914 rugosis
1214 2838 1450 2913 potest,

464 2917 761 3001 interque
808 2919 989 3001 signa
1033 2926 1220 2998 turpe
1267 2918 1572 2981 militaria

644 3004 743 3068 sol
785 3006 1018 3086 aspicit
1062 3006 1420 3085 conopium.

468 3090 554 3155 ad
595 3087 720 3153 hoc
766 3090 1110 3154 frementes
1154 3094 1485 3153 verterunt
1527 3088 1626 3153 bis
1671 3088 1844 3151 mille
1890 3108 2087 3169 equos

642 3175 830 3255 Galli,
879 3182 1182 3240 canentes
1232 3175 1592 3251 Caesarem,

466 3260 921 3344 hostiliumque
964 3262 1220 3325 navium
1262 3266 1456 3343 portu
1498 3261 1705 3324 latent

639 3368 888 3431 puppes
934 3348 1369 3411 sinistrorsum
1415 3347 1600 3410 citae.

468 3435 533 3498 io
579 3434 921 3515 triumphe,
966 3438 1039 3497 tu
1084 3434 1353 3496 moraris
1401 3452 1628 3495 aureos

643 3540 865 3584 currus
913 3521 979 3583 et
1023 3520 1300 3582 intactas
1345 3518 1588 3581 boves?

469 3606 533 3669 io
577 3605 919 3686 triumphe,
966 3626 1083 3669 nec
1127 3603 1502 3686 Iugurthino
1547 3623 1771 3684 parem

641 3691 812 3755 bello
858 3691 1207 3772 reportasti
1252 3689 1502 3767 ducem,

467 3798 675 3860 neque
723 3777 1111 3854 Africanum,
1160 3775 1261 3839 cui
1305 3795 1499 3856 super
1543 3772 1997 3854 Carthaginem

1821 3902 1864 3933 N.

2317 215 2436 277 103

2459 527 2538 581 10

2462 959 2540 1014 15

2460 1391 2542 1446 20

2465 2502 2545 2557 10

2467 2932 2543 2985 15

2464 3363 2543 3419 20

2466 3792 2546 3847 25
