2784 4319
360 220 481 279 154
1141 211 1420 262 HORATI
1455 211 1852 262 SERMONUM

260 357 339 410 40
460 351 705 414 Umber
748 355 815 415 et
855 350 1053 430 iligna
1094 349 1372 413 nutritus
1419 348 1650 430 glande
1694 349 2004 413 rotundas

388 495 393 498 .
463 441 688 501 curvat
730 457 887 518 aper
928 436 1144 499 lances
1190 456 1446 498 carnem
1491 435 1752 498 vitantis
1795 435 2120 516 inertem:-

461 545 612 586 nam
654 522 941 586 Laurens
985 521 1191 585 malus
1236 527 1352 600 est,
1399 520 1560 584 ulvis
1607 527 1673 583 et
1714 519 2070 586 harundine
2114 521 2390 603 pinguis.

461 611 649 672 vinea
691 607 1011 672 submittit
1052 628 1317 690 capreas
1362 629 1492 671 non
1535 625 1789 688 semper
1834 607 2070 672 edules.

462 694 721 759 fecundi
762 693 1000 776 leporis
1045 695 1298 775 sapiens
1344 692 1698 757 sectabitur
1741 713 1970 757 armoe.

258 787 338 838 45
462 781 743 863 piscibus
788 785 981 861 atque
1026 781 1247 844 avibus
1292 801 1458 860 quae
1500 785 1734 843 natura
1777 785 1843 843 et
1884 779 2053 844 foret
2095 785 2294 859 aetas,

464 873 613 931 ante
656 887 869 930 meum
912 866 1070 930 nulli
1112 863 1324 948 patuit
1366 866 1660 948 quaesita
1701 865 2004 946 palatum.

466 959 615 1017 sunt
658 973 929 1034 quorum
971 953 1295 1034 ingenium
1338 972 1504 1016 nova
1545 957 1798 1015 tantum
1843 954 2126 1016 crustula
2167 956 2433 1035 promit.

464 1060 871 1122 nequaquam
914 1041 1071 1103 satis
1115 1040 1183 1102 in
1224 1060 1296 1102 re
1340 1060 1470 1102 una
1513 1059 1887 1102 consumere
1933 1059 2170 1117 curam,

462 1131 539 1190 ut
579 1127 633 1190 si
680 1127 821 1208 quis
866 1126 1073 1188 solum
1114 1124 1256 1203 1100,
1298 1125 1476 1188 111313
1518 1144 1599 1188 110
1643 1126 1774 1188 sint
1816 1125 1981 1204 vina,
2027 1124 2298 1204 laboret,

259 1217 339 1270 50
464 1213 639 1294 quali
681 1211 1030 1294 perfundat
1071 1212 1281 1294 pisces
1326 1231 1589 1274 securus
1631 1209 1816 1275 olivo.

460 1299 739 1363 Massica
781 1299 836 1362 si
880 1298 1059 1362 caelo
1106 1297 1425 1378 subpones
1469 1298 1618 1361 vina
1661 1317 1906 1376 serem,

380 1395 385 1399 ’
462 1390 795 1462 nocturna,
841 1385 897 1448 si
940 1384 1094 1466 quid
1139 1385 1337 1446 crassi
1382 1390 1499 1463 est,
1545 1382 1917 1448 tenuabitur
1959 1405 2136 1464 aura,

464 1478 542 1539 et,
574 1471 845 1535 decedet
888 1470 1049 1534 odor
1092 1471 1299 1533 nervis
1344 1469 1667 1534 inimicus:
1715 1475 1786 1534 at
1826 1469 1940 1533 illa

463 1559 783 1638 integrum
826 1557 1105 1639 perdunt
1147 1556 1277 1619 lino
1321 1557 1549 1620 vitiata
1590 1576 1904 1638 saporem.
1941 1606 1946 1611 .

260 1649 339 1700 55
466 1643 844 1708 Surrentina
886 1641 1066 1706 vafer
1110 1643 1219 1723 qui
1262 1642 1490 1706 miscet
1531 1641 1712 1706 faece
1754 1641 2030 1708 Falerna

463 1729 629 1809 vina,
678 1728 1040 1794 columbino
1084 1727 1306 1791 limum
1350 1728 1513 1792 bene
1559 1728 1804 1810 colligit
1848 1749 1986 1808 ovo,

464 1822 779 1898 quatenus
823 1816 953 1878 ima
996 1815 1161 1896 petit
1203 1814 1460 1878 volvens
1505 1815 1716 1879 aliena
1757 1815 2029 1879 vitellus,

464 1903 651 1966 tostis
696 1907 1091 1980 marcentem
1136 1901 1381 1981 squillis
1425 1901 1748 1965 recreabis
1794 1907 1860 1966 et
1902 1901 2061 1965 Afra

464 1994 759 2070 potorem
804 1986 1097 2051 cochlea:
1145 2008 1295 2050 113111
1338 1987 1594 2050 lactuca
1636 1988 1891 2051 innatat
1935 1989 2070 2051 acri

261 2079 339 2134 60
464 2079 612 2157 post
651 2074 867 2136 vinum
912 2073 1274 2152 stomach03
1319 2093 1522 2154 perna
1563 2074 1766 2156 magis
1812 2080 1879 2137 et
1920 2075 2122 2156 magis
2168 2073 2342 2137 hillis

463 2161 714 2243 flagitat
754 2161 1069 2223 inmorsus
1113 2157 1308 2237 refici,
1356 2162 1510 2241 quin
1553 2162 1767 2225 omnia
1809 2161 2010 2240 malit,

464 2267 901 2330 quaecumque
947 2246 1267 2309 inmundis
1312 2244 1561 2311 fervent
1603 2247 1824 2311 adlata
1868 2248 2138 2329 popinis.

464 2338 563 2398 est
606 2352 841 2415 operae
883 2333 1162 2414 pretium
1206 2332 1477 2412 duplicis
1521 2354 1902 2413 pernoscere
1947 2334 2104 2397 iuris

462 2424 777 2484 naturam.
822 2418 1093 2499 simplex
1137 2438 1171 2481 e
1218 2418 1389 2481 dulci
1435 2424 1689 2483 constat
1731 2420 1916 2498 olive,

262 2510 339 2564 65
465 2506 639 2589 quod
680 2506 902 2587 pingui
946 2506 1215 2568 miscere
1258 2525 1437 2568 mero
1482 2506 1814 2587 muriaque
1863 2505 2118 2569 decebit

462 2613 590 2655 non
636 2591 782 2670 alia,
830 2612 1023 2672 quam
1068 2611 1195 2671 qua
1238 2590 1549 2673 Byzantia
1591 2593 1806 2674 putuit
1850 2612 2019 2655 orca.

464 2678 587 2741 hoc
628 2678 741 2741 ubi
786 2676 1119 2741 confusum
1164 2678 1357 2740 sectis
1401 2678 1708 2741 inferbuit
1749 2677 1966 2741 herbis

468 2763 860 2846 Corycioque
908 2784 1095 2826 croco
1143 2784 1435 2843 sparsum
1481 2765 1680 2843 stetit,
1726 2765 1988 2846 insuper
2033 2765 2234 2829 addes

465 2871 690 2932 pressa
733 2848 1138 2936 Venafranae
1184 2849 1357 2930 quod
1403 2849 1566 2913 baca
1608 2849 1856 2913 remisit
1900 2850 2122 2913 olivae.

264 2941 341 2993 70
466 2936 716 3000 Picenis
762 2936 999 2999 cedunt
1040 2935 1247 3016 pomis
1293 2934 1587 2999 Tiburtia
1631 2956 1816 3000 suco:

465 3044 615 3087 nam
659 3021 823 3085 facie
869 3026 1219 3102 praestant.
1264 3022 1666 3085 vennuncula
1709 3023 2003 3085 convenit
2049 3022 2223 3101 ollis;

469 3108 703 3172 rectius
751 3107 1067 3171 Albanam
1111 3106 1285 3171 fumo
1333 3108 1662 3171 duraveris
1705 3128 1911 3171 uvam.

468 3195 633 3257 hanc
680 3214 796 3275 ego
845 3214 990 3257 cum
1032 3193 1237 3272 malis,
1286 3215 1405 3275 ego
1451 3194 1696 3258 faecem
1739 3195 1982 3276 primus
2027 3198 2094 3258 et
2138 3195 2322 3267 31100,

469 3280 709 3361 primus
756 3288 821 3343 et
868 3280 1155 3343 invenior
1196 3280 1382 3362 piper
1427 3280 1643 3343 album
1689 3301 1833 3344 cum
1876 3280 2010 3345 sale
2053 3281 2234 3363 nigro

262 3374 341 3428 75
468 3367 781 3429 incretum
826 3366 1003 3448 puris
1050 3366 1580 3448 circumposuisse
1627 3367 1878 3431 catillis.

469 3454 723 3516 inmane
767 3457 868 3515 est
908 3452 1132 3515 vitium
1178 3452 1331 3516 dare
1376 3452 1556 3515 milia
1598 3457 1785 3517 terna
1826 3453 2096 3517 macello

470 3544 867 3620 angustoque
911 3559 1107 3619 vagos
1150 3539 1359 3620 pisces
1403 3559 1677 3619 urguere
1723 3540 1954 3603 catino.

467 3645 703 3707 magna
744 3629 959 3688 movet
1001 3624 1329 3688 stomacho
1374 3623 1655 3703 fastidia,
1701 3644 1815 3688 seu
1857 3645 2018 3706 puer
2059 3628 2268 3689 unctis

467 3712 774 3774 tractavit
820 3710 1085 3774 calicem
1127 3709 1440 3789 manibus,
1490 3710 1642 3773 dum
1685 3709 1858 3774 furta
1900 3711 2170 3793 ligurrit,
2227 3778 2230 3781 ,

264 3806 343 3859 80
470 3798 599 3860 sive
646 3797 855 3879 gravis
898 3796 1101 3859 veteri
1146 3801 1436 3859 craterae
1481 3796 1669 3860 limus
1714 3796 2024 3860 adhaesit.
