2784 4319
417 215 498 278 22

319 2298 403 2352 10

273 2760 402 2819 ,15

317 3226 402 3281 ’20

1210 219 1487 272 HORAT1
1523 219 1909 274 CARMINUM

1534 359 1781 430 XXX.

832 505 886 572 Ο
932 507 1146 573 Venus
1190 510 1413 592 regina
1458 509 1644 576 Cnidi
1686 511 2036 594 Paphique‚

833 613 1062 675 sperne
1109 595 1411 660 dilectam
1458 595 1710 680 Cypron
1756 604 1821 661 et
1864 597 2156 664 vocantis

831 685 975 744 ture
1019 687 1085 744 te
1128 682 1330 746 multo
1377 681 1686 765 Glycerae
1732 683 2035 748 decoram

961 795 964 798 ⁴
1004 767 1282 831 transfer
1324 768 1392 831 in
1437 770 1681 833 aedem.
1720 848 1726 851 ,

835 883 1117 950 fervidus
1159 891 1373 951 tecum
1417 909 1579 969 puer
1623 895 1689 952 et
1732 888 1955 952 solutis

836 970 1098 1036 Gratiae
1143 973 1321 1038 zonis
1363 980 1835 1058 properentque
1880 974 2214 1058 Nymphae

837 1061 904 1122 et
944 1079 1172 1140 parum
1218 1061 1417 1124 comis
1463 1061 1599 1124 sine
1644 1066 1707 1125 te
1754 1060 2053 1126 Iuventas

1005 1143 1501 1227 Mercuriusque.

1493 1282 1797 1378 XXXI.

835 1451 1003 1530 Quid
1047 1453 1415 1518 dedicatum
1458 1457 1668 1538 poscit
1711 1454 2071 1537 Apollinem

833 1539 1060 1604 vates?
1104 1541 1258 1622 quid
1304 1545 1450 1605 orat
1494 1542 1575 1605 de
1617 1547 1847 1623 patera
1890 1560 2122 1605 novum

905 1625 1191 1690 fundens
1235 1625 1597 1708 liquorem?
1639 1647 1769 1692 non
1814 1627 2065 1708 opimae

1008 1709 1342 1776 Sardiniae
1389 1718 1641 1794 segetes
1684 1713 1951 1792 feraceS‚

841 1851 970 1895 non
1016 1836 1355 1896 aestuosae
1401 1839 1585 1914 grat-a
1632 1831 1967 1897 Calabriae

842 1922 1151 1996 armenta,
1195 1938 1324 1981 non
1367 1939 1593 1982 aurum
1638 1925 1750 1983 aut
1794 1918 1952 1983 ebur
1992 1915 2305 1998 Indicum,

927 2023 1056 2066 non
1097 2025 1268 2082 rura,
1313 2025 1479 2086 quae
1522 2005 1687 2068 Liris
1732 2006 1949 2086 quieta

1013 2089 1267 2153 mordet
1311 2110 1481 2172 aqua
1522 2092 1877 2155 taciturnus
1922 2088 2144 2154 amnis,

839 2214 1138 2291 premant
1181 2207 1485 2274 Calenam
1527 2208 1692 2274 falce
1737 2209 1965 2292 quibus
2010 2208 2193 2272 dedit

840 2294 1126 2359 Fortuna
1168 2297 1381 2376 vitem,
1429 2296 1604 2361 dives
1650 2301 1716 2359 et
1760 2295 1969 2359 aureis

927 2387 1248 2447 mercator
1291 2382 1570 2446 exsiccet
1612 2380 1860 2445 culullis

1011 2467 1160 2531 vina
1203 2467 1364 2553 Syra
1406 2474 1708 2550 reparata
1750 2488 1979 2547 merce,

843 2586 940 2651 dis
986 2608 1170 2653 carus
1213 2588 1390 2670 ipsis,
1436 2590 1671 2671 quippe
1716 2594 1819 2652 ter
1862 2592 1927 2651 et
1971 2590 2205 2669 quator

839 2694 1006 2737 anno
1051 2674 1331 2738 revisens
1377 2695 1618 2755 aequor
1661 2674 2055 2738 Atlanticum

923 2760 1190 2842 inpune:
1237 2780 1339 2824 me
1383 2766 1657 2841 pascunt
1702 2760 1925 2837 olivae,

1009 2853 1111 2910 me
1157 2846 1454 2910 cichorea
1496 2846 1792 2927 levesque
1836 2845 2101 2909 malvae.

838 2963 964 3028 frui
1007 2966 1252 3046 paratis
1298 2970 1364 3027 et
1406 2964 1618 3028 valido
1664 2964 1838 3042 mihi,

836 3050 1058 3130 Latoe‚
1106 3049 1305 3115 dones
1351 3071 1447 3129 ac,
1487 3070 1739 3132 precor,
1784 3051 2036 3131 integra

925 3157 1068 3201 cum
1111 3142 1326 3200 mente
1370 3156 1491 3199 nec
1534 3141 1787 3216 turpem
1833 3140 2159 3199 senectam

1010 3222 1244 3305 degere
1286 3242 1406 3284 nec
1452 3221 1701 3285 cithara
1744 3227 2086 3285 carentem.

1396 3376 1721 3449 XXXII.

837 3512 1182 3577 Poscimur.
1229 3512 1283 3575 si
1327 3511 1482 3592 quid
1526 3512 1711 3575 vacui
1756 3512 1872 3577 sub
1916 3512 2144 3577 umbra

835 3598 1101 3663 lusimus
1144 3601 1375 3675 tecum,
1422 3596 1595 3679 quod
1640 3602 1707 3661 et
1747 3597 1917 3661 hunc
1959 3598 2027 3661 in
2072 3618 2305 3662 annum

795 3698 802 3706 ·
835 3684 1008 3747 vivat
1053 3688 1118 3746 et
1161 3682 1395 3763 plures,
1442 3704 1561 3765 age
1607 3683 1711 3747 dic
1752 3683 2071 3764 Latinum,

1010 3768 1280 3849 barbite‚
1328 3789 1603 3847 carmen,
