2784 4319
407 247 487 306 26

304 641 389 698 20

352 1276 387 1330 C!

308 1738 387 1790 10

307 2200 386 2253 15

304 2658 385 2711 20

301 3155 380 3207 25

296 3614 379 3669 30

1190 243 1464 295 HORATI
1505 243 1778 294 CARMIN
1789 245 1891 294 UM

716 397 934 443 omnes
980 378 1043 440 in
1089 379 1383 442 Damalin
1431 387 1652 461 putres
2079 461 2084 465 ι

888 465 1211 544 deponent
1256 465 1492 544 oculOS,
1539 487 1658 529 neo
1702 464 1988 528 Damalis
2027 485 2194 529 novo
2297 485 2304 492 ·

716 548 1051 612 divelletur
1094 549 1408 617 adultero,

886 635 1137 699 lascivis
1181 635 1435 700 hederis
1482 637 1896 700 ambitiosior.

1332 774 1734 850 XXXVII.

766 893 959 958 Nune
1024 901 1122 959 est
1180 893 1548 972 bibendum,
1593 914 1762 958 nunc
1805 893 1970 975 pede
2015 893 2218 958 libero

817 981 1133 1061 pulsanda
1176 979 1400 1058 tellus-3
1442 1000 1611 1043 nune
1657 978 2008 1043 Saliaribus

904 1086 1133 1131 ornare
1175 1066 1469 1147 pulvinar
1513 1065 1776 1130 deorum

989 1157 1241 1233 tempus
1286 1157 1428 1215 erat
1473 1151 1764 1233 dapibUS,
1811 1150 2083 1214 sodales.

818 1272 1091 1336 antehae
1133 1272 1314 1336 nefas
1359 1273 1735 1353 depromere
1781 1270 2142 1334 Caecubum

820 1357 995 1421 cellis
1040 1359 1243 1436 avitis,
1290 1357 1446 1421 dum
1490 1356 1805 1438 Capitolio

904 1444 1127 1525 regina
1171 1444 1500 1507 dementes
1545 1445 1784 1512 ruinas,

989 1529 1177 1592 funus
1222 1535 1287 1591 et
1330 1529 1597 1610 imperio
1642 1528 1918 1610 parabat

820 1649 1251 1712 contaminat-o
1297 1670 1441 1712 cum
1486 1669 1676 1729 grege
1719 1649 2000 1730 turpium

818 1735 1041 1798 morbo
1085 1735 1383 1813 virorum,
1430 1734 1744 1816 quidlibet
1786 1735 2081 1816 inpotens

904 1840 1163 1901 sperare
1206 1820 1590 1901 fortunaque
1634 1819 1806 1883 dulci

899 1960 905 1968 .
992 1905 1186 1970 ebria.
1233 1906 1347 1970 sed
1390 1906 1621 1970 minuit
1669 1905 1950 1969 furorem

817 2025 923 2089 vix
963 2046 1093 2088 una
1137 2045 1357 2106 sospes
1403 2025 1582 2088 navis
1627 2025 1709 2089 ab
1753 2024 2025 2106 ignibuS,

818 2116 1222 2192 mentemque
1266 2109 1660 2195 lymphatam
1703 2110 2052 2175 Mareotico

901 2198 1153 2279 redegit
1195 2198 1260 2259 in
1305 2218 1490 2261 veros
1533 2198 1796 2260 timores

992 2280 1246 2362 Caesar,
1293 2283 1374 2346 ab
1427 2282 1618 2346 Italia
1660 2283 1983 2347 volantem

817 2404 1009 2466 remis
1054 2403 1435 2484 adurguens,
1481 2404 1789 2485 accipiter
1829 2401 2004 2467 velut

819 2488 1041 2553 molles
1088 2488 1414 2554 columbas
1461 2495 1573 2553 aut
1615 2490 1902 2571 leporem
1946 2490 2108 2552 citus

902 2574 1169 2639 venator
1210 2576 1276 2639 in
1320 2576 1562 2658 eampis
1605 2576 1831 2640 nivalis

988 2660 1400 2741 Haemoniae,
1447 2662 1633 2726 daret
1673 2666 1748 2725 ut
1791 2661 2032 2725 catenis

818 2779 1015 2845 fatale
1058 2788 1430 2846 monstrum.
1476 2801 1640 2862 quae
1686 2780 2054 2862 generosius

797 2867 1026 2947 ‘perire
1070 2886 1384 2947 quaerens
1429 2887 1549 2930 nec
1591 2865 1992 2929 muliebriter

905 2953 1161 3033 expavit
1205 2973 1424 3016 ensem
1466 2972 1586 3015 neo
1627 2951 1904 3015 latentes

990 3037 1193 3101 classe
1240 3039 1370 3101 cita
1413 3038 1737 3117 reparavit
1782 3057 1959 3115 oras3

817 3169 975 3213 ausa
1018 3154 1083 3211 et
1124 3150 1440 3213 iacentem
1484 3149 1687 3211 visere
1731 3148 1974 3227 regiam

815 3234 988 3297 voltu
1035 3255 1279 3313 serenn,
1323 3234 1508 3297 fortis
1554 3240 1620 3297 et
1663 3254 1924 3314 asperas

902 3325 1181 3385 tractare
1226 3324 1576 3401 serpentes,
1621 3324 1694 3383 ut
1739 3324 1947 3382 atrum

988 3426 1253 3486 corpore
1300 3405 1672 3469 conbiberet
1713 3425 2044 3483 venenum,

817 3522 1171 3587 deliberata
1214 3531 1420 3587 morte
1465 3524 1758 3603 ferocior,

816 3609 1021 3673 saevis
1065 3608 1360 3674 Liburnis
1406 3609 1652 3674 scilieet
1693 3610 1980 3673 invidens

900 3694 1153 3775 privata
1197 3695 1426 3759 deduci
1472 3695 1746 3777 superbo

986 3800 1116 3843 non
1158 3781 1416 3846 humilis
1460 3781 1688 3844 mulier
1730 3780 2072 3861 triumpho.
