<?xml version="1.0" encoding="UTF-8"?>
<!DOCTYPE html PUBLIC "-//W3C//DTD XHTML 1.0 Transitional//EN"
    "http://www.w3.org/TR/xhtml1/DTD/xhtml1-transitional.dtd">
<html xmlns="http://www.w3.org/1999/xhtml" xml:lang="en" lang="en">
 <head>
  <title>
</title>
<meta http-equiv="Content-Type" content="text/html;charset=utf-8" />
  <meta name='ocr-system' content='tesseract 3.04.00' />
  <meta name='ocr-capabilities' content='ocr_page ocr_carea ocr_par ocr_line ocrx_word'/>
</head>
<body>
  <div class='ocr_page' id='page_1' title='image "./qhoratiiflaccic00petsgoog_0079.png"; bbox 0 0 2784 4319; ppageno 0'>
   <div class='ocr_carea' id='block_1_1' title="bbox 943 251 1396 304">
    <p class='ocr_par' dir='ltr' id='par_1_1' title="bbox 943 251 1396 304">
     <span class='ocr_line' id='line_1_1' title="bbox 943 251 1396 304; baseline -0.004 -2"><span class='ocrx_word' id='word_1_1' title='bbox 943 251 1080 304; x_wconf 79' lang='lat' dir='ltr'><strong>LlB.</strong></span> <span class='ocrx_word' id='word_1_2' title='bbox 1117 251 1212 302; x_wconf 90' lang='lat'>111.</span> <span class='ocrx_word' id='word_1_3' title='bbox 1253 259 1396 300; x_wconf 83' lang='lat'>1-—111</span> 
     </span>
    </p>
   </div>
   <div class='ocr_carea' id='block_1_2' title="bbox 457 384 1711 725">
    <p class='ocr_par' dir='ltr' id='par_1_2' title="bbox 457 384 1711 725">
     <span class='ocr_line' id='line_1_2' title="bbox 457 384 1711 469; baseline 0.002 -19"><span class='ocrx_word' id='word_1_4' title='bbox 457 384 750 468; x_wconf 84' lang='lat' dir='ltr'>suspiret:</span> <span class='ocrx_word' id='word_1_5' title='bbox 791 384 998 466; x_wconf 61' lang='lat' dir='ltr'>‘ehem</span> <span class='ocrx_word' id='word_1_6' title='bbox 1042 407 1124 452; x_wconf 85' lang='lat' dir='ltr'>ne</span> <span class='ocrx_word' id='word_1_7' title='bbox 1167 386 1343 452; x_wconf 88' lang='lat' dir='ltr'>rudis</span> <span class='ocrx_word' id='word_1_8' title='bbox 1390 387 1711 469; x_wconf 77' lang='lat' dir='ltr'><strong>agminum</strong></span> 
     </span>
     <span class='ocr_line' id='line_1_3' title="bbox 457 469 1628 554; baseline 0.003 -21"><span class='ocrx_word' id='word_1_9' title='bbox 457 489 712 554; x_wconf 84' lang='lat' dir='ltr'>sponsus</span> <span class='ocrx_word' id='word_1_10' title='bbox 753 469 1031 538; x_wconf 82' lang='lat' dir='ltr'>lacessat</span> <span class='ocrx_word' id='word_1_11' title='bbox 1073 473 1288 554; x_wconf 86' lang='lat' dir='ltr'>regi-us</span> <span class='ocrx_word' id='word_1_12' title='bbox 1331 493 1628 554; x_wconf 86' lang='lat' dir='ltr'>asperum</span> 
     </span>
     <span class='ocr_line' id='line_1_4' title="bbox 529 554 1569 640; baseline 0.001 -20"><span class='ocrx_word' id='word_1_13' title='bbox 529 561 705 620; x_wconf 89' lang='lat' dir='ltr'>tactu</span> <span class='ocrx_word' id='word_1_14' title='bbox 747 554 1018 637; x_wconf 83' lang='lat' dir='ltr'>leone-m,</span> <span class='ocrx_word' id='word_1_15' title='bbox 1067 577 1266 640; x_wconf 86' lang='lat' dir='ltr'>quem·</span> <span class='ocrx_word' id='word_1_16' title='bbox 1303 563 1569 621; x_wconf 86' lang='lat' dir='ltr'>cruenta</span> 
     </span>
     <span class='ocr_line' id='line_1_5' title="bbox 609 641 1697 725; baseline 0.002 -19"><span class='ocrx_word' id='word_1_17' title='bbox 609 659 729 724; x_wconf 83' lang='lat' dir='ltr'>per</span> <span class='ocrx_word' id='word_1_18' title='bbox 771 642 1018 708; x_wconf 81' lang='lat' dir='ltr'>medias</span> <span class='ocrx_word' id='word_1_19' title='bbox 1066 644 1238 725; x_wconf 86' lang='lat' dir='ltr'>rapit</span> <span class='ocrx_word' id='word_1_20' title='bbox 1281 643 1380 707; x_wconf 89' lang='lat' dir='ltr'>ira</span> <span class='ocrx_word' id='word_1_21' title='bbox 1426 641 1697 708; x_wconf 86' lang='lat' dir='ltr'>caedes&#39;.</span> 
     </span>
    </p>
   </div>
   <div class='ocr_carea' id='block_1_3' title="bbox 453 758 1891 845">
    <p class='ocr_par' dir='ltr' id='par_1_3' title="bbox 453 758 1891 845">
     <span class='ocr_line' id='line_1_6' title="bbox 453 758 1891 845; baseline 0.003 -21"><span class='ocrx_word' id='word_1_22' title='bbox 453 758 630 824; x_wconf 81' lang='lat' dir='ltr'>dulce</span> <span class='ocrx_word' id='word_1_23' title='bbox 677 765 744 825; x_wconf 85' lang='lat' dir='ltr'>et</span> <span class='ocrx_word' id='word_1_24' title='bbox 787 759 1090 826; x_wconf 85' lang='lat' dir='ltr'>decorum</span> <span class='ocrx_word' id='word_1_25' title='bbox 1135 767 1235 826; x_wconf 91' lang='lat' dir='ltr'>est</span> <span class='ocrx_word' id='word_1_26' title='bbox 1276 782 1394 844; x_wconf 89' lang='lat' dir='ltr'>pro</span> <span class='ocrx_word' id='word_1_27' title='bbox 1440 763 1653 845; x_wconf 89' lang='lat' dir='ltr'>patria</span> <span class='ocrx_word' id='word_1_28' title='bbox 1696 763 1891 828; x_wconf 84' lang='lat' dir='ltr'>mori:</span> 
     </span>
    </p>
   </div>
   <div class='ocr_carea' id='block_1_4' title="bbox 451 846 1774 1110">
    <p class='ocr_par' dir='ltr' id='par_1_4' title="bbox 451 846 1774 1110">
     <span class='ocr_line' id='line_1_7' title="bbox 451 846 1774 928; baseline 0.002 -18"><span class='ocrx_word' id='word_1_29' title='bbox 451 849 614 910; x_wconf 84' lang='lat' dir='ltr'>mors</span> <span class='ocrx_word' id='word_1_30' title='bbox 659 852 726 910; x_wconf 91' lang='lat' dir='ltr'>et</span> <span class='ocrx_word' id='word_1_31' title='bbox 768 846 1061 928; x_wconf 88' lang='lat' dir='ltr'>fugacem</span> <span class='ocrx_word' id='word_1_32' title='bbox 1103 848 1509 928; x_wconf 76' lang='lat' dir='ltr'><strong>persequitur</strong></span> <span class='ocrx_word' id='word_1_33' title='bbox 1552 849 1774 928; x_wconf 89' lang='lat' dir='ltr'>virum,</span> 
     </span>
     <span class='ocr_line' id='line_1_8' title="bbox 529 933 1533 1013; baseline 0.002 -19"><span class='ocrx_word' id='word_1_34' title='bbox 529 952 646 996; x_wconf 85' lang='lat' dir='ltr'>nec</span> <span class='ocrx_word' id='word_1_35' title='bbox 689 933 900 1013; x_wconf 87' lang='lat' dir='ltr'>parcit</span> <span class='ocrx_word' id='word_1_36' title='bbox 942 933 1198 997; x_wconf 82' lang='lat' dir='ltr'>inbellis</span> <span class='ocrx_word' id='word_1_37' title='bbox 1217 934 1533 997; x_wconf 64' lang='lat' dir='ltr'>iuventae</span> 
     </span>
     <span class='ocr_line' id='line_1_9' title="bbox 610 1015 1552 1110; baseline 0.002 -30"><span class='ocrx_word' id='word_1_38' title='bbox 610 1015 960 1098; x_wconf 81' lang='lat' dir='ltr'>poplitibus</span> <span class='ocrx_word' id='word_1_39' title='bbox 1005 1018 1306 1110; x_wconf 85' lang='lat' dir='ltr'>timidove</span> <span class='ocrx_word' id='word_1_40' title='bbox 1351 1025 1552 1100; x_wconf 86' lang='lat' dir='ltr'>tergo.</span> 
     </span>
    </p>
   </div>
   <div class='ocr_carea' id='block_1_5' title="bbox 447 1134 1625 1476">
    <p class='ocr_par' dir='ltr' id='par_1_5' title="bbox 447 1134 1625 1476">
     <span class='ocr_line' id='line_1_10' title="bbox 447 1134 1625 1218; baseline 0.003 -20"><span class='ocrx_word' id='word_1_41' title='bbox 447 1134 660 1216; x_wconf 87' lang='lat' dir='ltr'>virtus,</span> <span class='ocrx_word' id='word_1_42' title='bbox 705 1137 1001 1218; x_wconf 79' lang='lat' dir='ltr'>repulsae</span> <span class='ocrx_word' id='word_1_43' title='bbox 1046 1138 1264 1202; x_wconf 84' lang='lat' dir='ltr'>nescia</span> <span class='ocrx_word' id='word_1_44' title='bbox 1307 1138 1625 1216; x_wconf 87' lang='lat' dir='ltr'>sordidae,</span> 
     </span>
     <span class='ocr_line' id='line_1_11' title="bbox 448 1221 1493 1304; baseline 0.002 -19"><span class='ocrx_word' id='word_1_45' title='bbox 448 1221 836 1286; x_wconf 77' lang='lat' dir='ltr'><strong>intaminatis</strong></span> <span class='ocrx_word' id='word_1_46' title='bbox 879 1221 1083 1304; x_wconf 80' lang='lat' dir='ltr'>fulget</span> <span class='ocrx_word' id='word_1_47' title='bbox 1125 1221 1493 1302; x_wconf 85' lang='lat' dir='ltr'>honoribus,</span> 
     </span>
     <span class='ocr_line' id='line_1_12' title="bbox 527 1309 1569 1390; baseline 0.001 -18"><span class='ocrx_word' id='word_1_48' title='bbox 527 1327 646 1372; x_wconf 87' lang='lat' dir='ltr'>nec</span> <span class='ocrx_word' id='word_1_49' title='bbox 691 1309 886 1371; x_wconf 91' lang='lat' dir='ltr'>sumit</span> <span class='ocrx_word' id='word_1_50' title='bbox 929 1314 1044 1372; x_wconf 92' lang='lat' dir='ltr'>aut</span> <span class='ocrx_word' id='word_1_51' title='bbox 1085 1309 1270 1390; x_wconf 89' lang='lat' dir='ltr'>ponit</span> <span class='ocrx_word' id='word_1_52' title='bbox 1314 1329 1569 1373; x_wconf 87' lang='lat' dir='ltr'>secures</span> 
     </span>
     <span class='ocr_line' id='line_1_13' title="bbox 613 1391 1509 1476; baseline 0 -18"><span class='ocrx_word' id='word_1_53' title='bbox 613 1391 879 1458; x_wconf 86' lang='lat' dir='ltr'>arbitrio</span> <span class='ocrx_word' id='word_1_54' title='bbox 923 1393 1250 1476; x_wconf 81' lang='lat' dir='ltr'>popularis</span> <span class='ocrx_word' id='word_1_55' title='bbox 1296 1415 1509 1460; x_wconf 87' lang='lat' dir='ltr'>aurae.</span> 
     </span>
    </p>
   </div>
   <div class='ocr_carea' id='block_1_6' title="bbox 446 1511 1766 1853">
    <p class='ocr_par' dir='ltr' id='par_1_6' title="bbox 446 1511 1766 1853">
     <span class='ocr_line' id='line_1_14' title="bbox 446 1511 1601 1592; baseline 0.003 -17"><span class='ocrx_word' id='word_1_56' title='bbox 446 1511 660 1592; x_wconf 80' lang='lat' dir='ltr'>virtus,</span> <span class='ocrx_word' id='word_1_57' title='bbox 704 1511 1038 1577; x_wconf 86' lang='lat' dir='ltr'>recludens</span> <span class='ocrx_word' id='word_1_58' title='bbox 1080 1513 1395 1578; x_wconf 87' lang='lat' dir='ltr'>inmeritis</span> <span class='ocrx_word' id='word_1_59' title='bbox 1438 1513 1601 1578; x_wconf 90' lang='lat' dir='ltr'>mori</span> 
     </span>
     <span class='ocr_line' id='line_1_15' title="bbox 449 1596 1639 1680; baseline 0.003 -20"><span class='ocrx_word' id='word_1_60' title='bbox 449 1596 711 1677; x_wconf 86' lang='lat' dir='ltr'>caelum,</span> <span class='ocrx_word' id='word_1_61' title='bbox 753 1603 989 1680; x_wconf 87' lang='lat' dir='ltr'>negata</span> <span class='ocrx_word' id='word_1_62' title='bbox 1031 1602 1309 1680; x_wconf 86' lang='lat' dir='ltr'>temptat</span> <span class='ocrx_word' id='word_1_63' title='bbox 1351 1599 1477 1662; x_wconf 92' lang='lat' dir='ltr'>iter</span> <span class='ocrx_word' id='word_1_64' title='bbox 1517 1601 1639 1680; x_wconf 84' lang='lat' dir='ltr'>via,</span> 
     </span>
     <span class='ocr_line' id='line_1_16' title="bbox 531 1683 1561 1766; baseline 0.001 -19"><span class='ocrx_word' id='word_1_65' title='bbox 531 1689 874 1766; x_wconf 84' lang='lat' dir='ltr'>coetusque</span> <span class='ocrx_word' id='word_1_66' title='bbox 919 1683 1209 1766; x_wconf 82' lang='lat' dir='ltr'>volgares</span> <span class='ocrx_word' id='word_1_67' title='bbox 1257 1690 1323 1748; x_wconf 90' lang='lat' dir='ltr'>et</span> <span class='ocrx_word' id='word_1_68' title='bbox 1364 1684 1561 1748; x_wconf 90' lang='lat' dir='ltr'>udam</span> 
     </span>
     <span class='ocr_line' id='line_1_17' title="bbox 615 1768 1766 1853; baseline 0 -20"><span class='ocrx_word' id='word_1_69' title='bbox 615 1769 861 1852; x_wconf 86' lang='lat' dir='ltr'>spernit</span> <span class='ocrx_word' id='word_1_70' title='bbox 901 1768 1166 1832; x_wconf 89' lang='lat' dir='ltr'>humum</span> <span class='ocrx_word' id='word_1_71' title='bbox 1210 1769 1493 1852; x_wconf 86' lang='lat' dir='ltr'>fugiente</span> <span class='ocrx_word' id='word_1_72' title='bbox 1538 1789 1766 1853; x_wconf 90' lang='lat' dir='ltr'>penna.</span> 
     </span>
    </p>
   </div>
   <div class='ocr_carea' id='block_1_7' title="bbox 447 1887 1784 2228">
    <p class='ocr_par' dir='ltr' id='par_1_7' title="bbox 447 1887 1784 2228">
     <span class='ocr_line' id='line_1_18' title="bbox 449 1887 1351 1955; baseline 0.002 -5"><span class='ocrx_word' id='word_1_73' title='bbox 449 1891 545 1951; x_wconf 87' lang='lat' dir='ltr'>est</span> <span class='ocrx_word' id='word_1_74' title='bbox 588 1893 654 1952; x_wconf 90' lang='lat' dir='ltr'>et</span> <span class='ocrx_word' id='word_1_75' title='bbox 694 1887 868 1952; x_wconf 82' lang='lat' dir='ltr'>fideli</span> <span class='ocrx_word' id='word_1_76' title='bbox 901 1893 1055 1952; x_wconf 78' lang='lat' dir='ltr'>tuta</span> <span class='ocrx_word' id='word_1_77' title='bbox 1099 1888 1351 1955; x_wconf 89' lang='lat' dir='ltr'>silentio</span> 
     </span>
     <span class='ocr_line' id='line_1_19' title="bbox 447 1973 1763 2055; baseline 0.003 -21"><span class='ocrx_word' id='word_1_78' title='bbox 447 1993 689 2048; x_wconf 81' lang='lat' dir='ltr'>merces</span> <span class='ocrx_word' id='word_1_79' title='bbox 705 1973 740 2038; x_wconf 71' lang='grc' dir='ltr'>ε’</span> <span class='ocrx_word' id='word_1_80' title='bbox 765 1973 1014 2052; x_wconf 77' lang='lat' dir='ltr'>vetabo,</span> <span class='ocrx_word' id='word_1_81' title='bbox 1061 1975 1170 2055; x_wconf 88' lang='lat' dir='ltr'>qui</span> <span class='ocrx_word' id='word_1_82' title='bbox 1217 1973 1465 2040; x_wconf 89' lang='lat' dir='ltr'>Cereris</span> <span class='ocrx_word' id='word_1_83' title='bbox 1512 1994 1763 2038; x_wconf 87' lang='lat' dir='ltr'>sacrum</span> 
     </span>
     <span class='ocr_line' id='line_1_20' title="bbox 529 2058 1552 2140; baseline 0.003 -19"><span class='ocrx_word' id='word_1_84' title='bbox 529 2058 803 2140; x_wconf 81' lang='lat' dir='ltr'>volgarit</span> <span class='ocrx_word' id='word_1_85' title='bbox 845 2077 1138 2137; x_wconf 88' lang='lat' dir='ltr'>arcanae,</span> <span class='ocrx_word' id='word_1_86' title='bbox 1185 2059 1301 2123; x_wconf 92' lang='lat' dir='ltr'>sub</span> <span class='ocrx_word' id='word_1_87' title='bbox 1347 2060 1552 2124; x_wconf 89' lang='lat' dir='ltr'>isdem</span> 
     </span>
     <span class='ocr_line' id='line_1_21' title="bbox 615 2143 1784 2228; baseline 0.001 -20"><span class='ocrx_word' id='word_1_88' title='bbox 615 2145 700 2209; x_wconf 88' lang='lat' dir='ltr'>sit</span> <span class='ocrx_word' id='word_1_89' title='bbox 741 2143 1030 2209; x_wconf 85' lang='lat' dir='ltr'>trabibus</span> <span class='ocrx_word' id='word_1_90' title='bbox 1073 2144 1491 2228; x_wconf 86' lang='lat' dir='ltr'>fragilemque</span> <span class='ocrx_word' id='word_1_91' title='bbox 1535 2166 1784 2210; x_wconf 85' lang='lat' dir='ltr'>mecum</span> 
     </span>
    </p>
   </div>
   <div class='ocr_carea' id='block_1_8' title="bbox 447 2263 1749 2603">
    <p class='ocr_par' dir='ltr' id='par_1_8' title="bbox 447 2263 1749 2603">
     <span class='ocr_line' id='line_1_22' title="bbox 450 2263 1629 2347; baseline 0.003 -21"><span class='ocrx_word' id='word_1_92' title='bbox 450 2263 652 2327; x_wconf 90' lang='lat' dir='ltr'>solvat</span> <span class='ocrx_word' id='word_1_93' title='bbox 693 2264 1018 2345; x_wconf 89' lang='lat' dir='ltr'>phaselon.</span> <span class='ocrx_word' id='word_1_94' title='bbox 1067 2286 1258 2347; x_wconf 86' lang='lat' dir='ltr'>saepe</span> <span class='ocrx_word' id='word_1_95' title='bbox 1303 2266 1629 2347; x_wconf 87' lang='lat' dir='ltr'>Diespiter</span> 
     </span>
     <span class='ocr_line' id='line_1_23' title="bbox 447 2350 1749 2433; baseline 0.002 -21"><span class='ocrx_word' id='word_1_96' title='bbox 447 2350 772 2431; x_wconf 87' lang='lat' dir='ltr'>neglectus</span> <span class='ocrx_word' id='word_1_97' title='bbox 816 2350 1059 2415; x_wconf 85' lang='lat' dir='ltr'>incesto</span> <span class='ocrx_word' id='word_1_98' title='bbox 1105 2351 1358 2415; x_wconf 88' lang='lat' dir='ltr'>addidit</span> <span class='ocrx_word' id='word_1_99' title='bbox 1398 2352 1749 2433; x_wconf 79' lang='lat' dir='ltr'>integrum3</span> 
     </span>
     <span class='ocr_line' id='line_1_24' title="bbox 527 2435 1595 2513; baseline 0.003 -15"><span class='ocrx_word' id='word_1_100' title='bbox 527 2455 676 2498; x_wconf 87' lang='lat' dir='ltr'>raro</span> <span class='ocrx_word' id='word_1_101' title='bbox 721 2435 1210 2499; x_wconf 82' lang='lat' dir='ltr'>antecedentem</span> <span class='ocrx_word' id='word_1_102' title='bbox 1253 2437 1595 2513; x_wconf 84' lang='lat' dir='ltr'>scelestum</span> 
     </span>
     <span class='ocr_line' id='line_1_25' title="bbox 615 2518 1661 2603; baseline 0.004 -20"><span class='ocrx_word' id='word_1_103' title='bbox 615 2518 900 2584; x_wconf 88' lang='lat' dir='ltr'>deseruit</span> <span class='ocrx_word' id='word_1_104' title='bbox 940 2520 1106 2603; x_wconf 86' lang='lat' dir='ltr'>pede</span> <span class='ocrx_word' id='word_1_105' title='bbox 1151 2522 1367 2587; x_wconf 89' lang='lat' dir='ltr'>Poena</span> <span class='ocrx_word' id='word_1_106' title='bbox 1413 2523 1661 2587; x_wconf 80' lang='lat' dir='ltr'>claudo,</span> 
     </span>
    </p>
   </div>
   <div class='ocr_carea' id='block_1_9' title="bbox 1092 2658 1288 2731">
    <p class='ocr_par' dir='ltr' id='par_1_9' title="bbox 1092 2658 1288 2731">
     <span class='ocr_line' id='line_1_26' title="bbox 1092 2658 1288 2731; baseline -0.005 0"><span class='ocrx_word' id='word_1_107' title='bbox 1092 2658 1229 2731; x_wconf 90' lang='grc' dir='ltr'><strong>ΙΙΙ.</strong></span> <span class='ocrx_word' id='word_1_108' title='bbox 1282 2665 1288 2671; x_wconf 86' lang='grc'><strong><em>’</em></strong></span> 
     </span>
    </p>
   </div>
   <div class='ocr_carea' id='block_1_10' title="bbox 444 2773 1740 3029">
    <p class='ocr_par' dir='ltr' id='par_1_10' title="bbox 444 2773 1740 3029">
     <span class='ocr_line' id='line_1_27' title="bbox 444 2773 1740 2859; baseline 0 -20"><span class='ocrx_word' id='word_1_109' title='bbox 444 2773 690 2840; x_wconf 86' lang='lat' dir='ltr'>Iustum</span> <span class='ocrx_word' id='word_1_110' title='bbox 733 2780 800 2839; x_wconf 93' lang='lat' dir='ltr'>et</span> <span class='ocrx_word' id='word_1_111' title='bbox 841 2780 1135 2839; x_wconf 83' lang='lat' dir='ltr'>tenacem</span> <span class='ocrx_word' id='word_1_112' title='bbox 1178 2777 1493 2859; x_wconf 90' lang='lat' dir='ltr'>propositi</span> <span class='ocrx_word' id='word_1_113' title='bbox 1536 2776 1740 2839; x_wconf 86' lang='lat' dir='ltr'>virum</span> 
     </span>
     <span class='ocr_line' id='line_1_28' title="bbox 445 2859 1737 2942; baseline 0.002 -19"><span class='ocrx_word' id='word_1_114' title='bbox 445 2880 572 2925; x_wconf 90' lang='lat' dir='ltr'>non</span> <span class='ocrx_word' id='word_1_115' title='bbox 617 2860 845 2924; x_wconf 88' lang='lat' dir='ltr'>civium</span> <span class='ocrx_word' id='word_1_116' title='bbox 890 2859 1084 2924; x_wconf 91' lang='lat' dir='ltr'>ardor</span> <span class='ocrx_word' id='word_1_117' title='bbox 1124 2882 1324 2942; x_wconf 88' lang='lat' dir='ltr'>prava</span> <span class='ocrx_word' id='word_1_118' title='bbox 1365 2862 1737 2941; x_wconf 89' lang='lat' dir='ltr'>iubentium,</span> 
     </span>
     <span class='ocr_line' id='line_1_29' title="bbox 527 2946 1545 3029; baseline 0.001 -20"><span class='ocrx_word' id='word_1_119' title='bbox 527 2966 657 3011; x_wconf 87' lang='lat' dir='ltr'>non</span> <span class='ocrx_word' id='word_1_120' title='bbox 698 2946 906 3009; x_wconf 90' lang='lat' dir='ltr'>voltus</span> <span class='ocrx_word' id='word_1_121' title='bbox 950 2946 1246 3010; x_wconf 87' lang='lat' dir='ltr'>instantis</span> <span class='ocrx_word' id='word_1_122' title='bbox 1291 2948 1545 3029; x_wconf 84' lang='lat' dir='ltr'>tyranni</span> 
     </span>
    </p>
   </div>
   <div class='ocr_carea' id='block_1_11' title="bbox 611 3032 1869 3113">
    <p class='ocr_par' dir='ltr' id='par_1_11' title="bbox 611 3032 1869 3113">
     <span class='ocr_line' id='line_1_30' title="bbox 611 3032 1869 3113; baseline 0 -20"><span class='ocrx_word' id='word_1_123' title='bbox 611 3035 826 3094; x_wconf 90' lang='lat' dir='ltr'>mente</span> <span class='ocrx_word' id='word_1_124' title='bbox 870 3032 1080 3111; x_wconf 88' lang='lat' dir='ltr'>quatit</span> <span class='ocrx_word' id='word_1_125' title='bbox 1123 3032 1328 3095; x_wconf 91' lang='lat' dir='ltr'>solida</span> <span class='ocrx_word' id='word_1_126' title='bbox 1369 3052 1576 3113; x_wconf 89' lang='lat' dir='ltr'>neque</span> <span class='ocrx_word' id='word_1_127' title='bbox 1620 3033 1869 3110; x_wconf 89' lang='lat' dir='ltr'>Auster,</span> 
     </span>
    </p>
   </div>
   <div class='ocr_carea' id='block_1_12' title="bbox 445 3148 1786 3490">
    <p class='ocr_par' dir='ltr' id='par_1_12' title="bbox 445 3148 1786 3490">
     <span class='ocr_line' id='line_1_31' title="bbox 445 3148 1565 3231; baseline 0.001 -17"><span class='ocrx_word' id='word_1_128' title='bbox 445 3148 572 3214; x_wconf 85' lang='lat' dir='ltr'>dux</span> <span class='ocrx_word' id='word_1_129' title='bbox 615 3149 882 3231; x_wconf 89' lang='lat' dir='ltr'>inquieti</span> <span class='ocrx_word' id='word_1_130' title='bbox 926 3150 1220 3216; x_wconf 88' lang='lat' dir='ltr'>turbidus</span> <span class='ocrx_word' id='word_1_131' title='bbox 1264 3150 1565 3229; x_wconf 71' lang='lat' dir='ltr'>Hadriae,¹</span> 
     </span>
     <span class='ocr_line' id='line_1_32' title="bbox 447 3234 1786 3318; baseline 0 -20"><span class='ocrx_word' id='word_1_132' title='bbox 447 3256 563 3299; x_wconf 89' lang='lat' dir='ltr'>nec</span> <span class='ocrx_word' id='word_1_133' title='bbox 605 3234 1000 3300; x_wconf 81' lang='lat' dir='ltr'>fulminantis</span> <span class='ocrx_word' id='word_1_134' title='bbox 1042 3256 1276 3318; x_wconf 88' lang='lat' dir='ltr'>magna</span> <span class='ocrx_word' id='word_1_135' title='bbox 1319 3256 1545 3299; x_wconf 90' lang='lat' dir='ltr'>manus</span> <span class='ocrx_word' id='word_1_136' title='bbox 1591 3236 1786 3299; x_wconf 86' lang='lat' dir='ltr'>Iovis:</span> 
     </span>
     <span class='ocr_line' id='line_1_33' title="bbox 531 3320 1473 3401; baseline 0 -16"><span class='ocrx_word' id='word_1_137' title='bbox 531 3321 586 3385; x_wconf 90' lang='lat' dir='ltr'>si</span> <span class='ocrx_word' id='word_1_138' title='bbox 629 3320 870 3385; x_wconf 80' lang='lat' dir='ltr'>fractus</span> <span class='ocrx_word' id='word_1_139' title='bbox 913 3320 1238 3385; x_wconf 88' lang='lat' dir='ltr'>inlabatur</span> <span class='ocrx_word' id='word_1_140' title='bbox 1280 3321 1473 3401; x_wconf 89' lang='lat' dir='ltr'>orbis,</span> 
     </span>
     <span class='ocr_line' id='line_1_34' title="bbox 614 3405 1539 3490; baseline -0.001 -19"><span class='ocrx_word' id='word_1_141' title='bbox 614 3406 983 3490; x_wconf 84' lang='lat' dir='ltr'>inpavidum</span> <span class='ocrx_word' id='word_1_142' title='bbox 1025 3405 1259 3470; x_wconf 87' lang='lat' dir='ltr'>ferient</span> <span class='ocrx_word' id='word_1_143' title='bbox 1299 3407 1539 3470; x_wconf 87' lang='lat' dir='ltr'>ruinae.</span> 
     </span>
    </p>
   </div>
   <div class='ocr_carea' id='block_1_13' title="bbox 445 3522 1721 3869">
    <p class='ocr_par' dir='ltr' id='par_1_13' title="bbox 445 3522 1721 3869">
     <span class='ocr_line' id='line_1_35' title="bbox 445 3522 1721 3606; baseline 0.003 -19"><span class='ocrx_word' id='word_1_144' title='bbox 445 3522 570 3589; x_wconf 87' lang='lat' dir='ltr'>hac</span> <span class='ocrx_word' id='word_1_145' title='bbox 610 3530 750 3590; x_wconf 88' lang='lat' dir='ltr'>arte</span> <span class='ocrx_word' id='word_1_146' title='bbox 791 3524 1020 3590; x_wconf 87' lang='lat' dir='ltr'>Pollux</span> <span class='ocrx_word' id='word_1_147' title='bbox 1063 3530 1130 3589; x_wconf 90' lang='lat' dir='ltr'>et</span> <span class='ocrx_word' id='word_1_148' title='bbox 1171 3546 1368 3606; x_wconf 85' lang='lat' dir='ltr'>vagus</span> <span class='ocrx_word' id='word_1_149' title='bbox 1412 3525 1721 3591; x_wconf 82' lang='lat' dir='ltr'>Hercules</span> 
     </span>
     <span class='ocr_line' id='line_1_36' title="bbox 450 3610 1441 3692; baseline 0.002 -19"><span class='ocrx_word' id='word_1_150' title='bbox 450 3610 659 3675; x_wconf 89' lang='lat' dir='ltr'>enisus</span> <span class='ocrx_word' id='word_1_151' title='bbox 703 3630 882 3675; x_wconf 86' lang='lat' dir='ltr'>arces</span> <span class='ocrx_word' id='word_1_152' title='bbox 927 3611 1144 3692; x_wconf 87' lang='lat' dir='ltr'>attigit</span> <span class='ocrx_word' id='word_1_153' title='bbox 1184 3610 1441 3691; x_wconf 85' lang='lat' dir='ltr'>igneas:</span> 
     </span>
     <span class='ocr_line' id='line_1_37' title="bbox 531 3695 1687 3777; baseline 0.001 -18"><span class='ocrx_word' id='word_1_154' title='bbox 531 3715 690 3777; x_wconf 90' lang='lat' dir='ltr'>quos</span> <span class='ocrx_word' id='word_1_155' title='bbox 732 3695 902 3759; x_wconf 87' lang='lat' dir='ltr'>inter</span> <span class='ocrx_word' id='word_1_156' title='bbox 944 3696 1266 3777; x_wconf 86' lang='lat' dir='ltr'>Augustus</span> <span class='ocrx_word' id='word_1_157' title='bbox 1309 3696 1687 3760; x_wconf 90' lang='lat' dir='ltr'>recumbens</span> 
     </span>
     <span class='ocr_line' id='line_1_38' title="bbox 614 3778 1619 3869; baseline -0.002 -24"><span class='ocrx_word' id='word_1_158' title='bbox 614 3801 935 3869; x_wconf 83' lang='lat' dir='ltr'>purpureo</span> <span class='ocrx_word' id='word_1_159' title='bbox 980 3778 1162 3845; x_wconf 92' lang='lat' dir='ltr'>bibet</span> <span class='ocrx_word' id='word_1_160' title='bbox 1205 3802 1315 3845; x_wconf 90' lang='lat' dir='ltr'>ore</span> <span class='ocrx_word' id='word_1_161' title='bbox 1359 3786 1619 3859; x_wconf 84' lang='lat' dir='ltr'>nectar3</span> 
     </span>
    </p>
   </div>
   <div class='ocr_carea' id='block_1_14' title="bbox 2211 256 2295 320">
    <p class='ocr_par' dir='ltr' id='par_1_14' title="bbox 2211 256 2295 320">
     <span class='ocr_line' id='line_1_39' title="bbox 2211 256 2295 320; baseline -0.036 0"><span class='ocrx_word' id='word_1_162' title='bbox 2211 256 2295 320; x_wconf 82' lang='lat'>47</span> 
     </span>
    </p>
   </div>
   <div class='ocr_carea' id='block_1_15' title="bbox 2324 483 2401 538">
    <p class='ocr_par' dir='ltr' id='par_1_15' title="bbox 2324 483 2401 538">
     <span class='ocr_line' id='line_1_40' title="bbox 2324 483 2401 538; baseline 0.026 -2"><span class='ocrx_word' id='word_1_163' title='bbox 2324 483 2401 538; x_wconf 92' lang='grc'>10</span> 
     </span>
    </p>
   </div>
   <div class='ocr_carea' id='block_1_16' title="bbox 2324 943 2399 995">
    <p class='ocr_par' dir='ltr' id='par_1_16' title="bbox 2324 943 2399 995">
     <span class='ocr_line' id='line_1_41' title="bbox 2324 943 2399 995; baseline -0.013 0"><span class='ocrx_word' id='word_1_164' title='bbox 2324 943 2399 995; x_wconf 84' lang='lat'>15</span> 
     </span>
    </p>
   </div>
   <div class='ocr_carea' id='block_1_17' title="bbox 2322 1379 2512 1454">
    <p class='ocr_par' dir='ltr' id='par_1_17' title="bbox 2322 1379 2512 1454">
     <span class='ocr_line' id='line_1_42' title="bbox 2322 1379 2512 1454; baseline 0 0"><span class='ocrx_word' id='word_1_165' title='bbox 2322 1379 2512 1454; x_wconf 79' lang='lat'>20&#39;</span> 
     </span>
    </p>
   </div>
   <div class='ocr_carea' id='block_1_18' title="bbox 2318 2358 2399 2411">
    <p class='ocr_par' dir='ltr' id='par_1_18' title="bbox 2318 2358 2399 2411">
     <span class='ocr_line' id='line_1_43' title="bbox 2318 2358 2399 2411; baseline 0 0"><span class='ocrx_word' id='word_1_166' title='bbox 2318 2358 2399 2411; x_wconf 91' lang='lat'>30</span> 
     </span>
    </p>
   </div>
   <div class='ocr_carea' id='block_1_19' title="bbox 2320 3614 2398 3669">
    <p class='ocr_par' dir='ltr' id='par_1_19' title="bbox 2320 3614 2398 3669">
     <span class='ocr_line' id='line_1_44' title="bbox 2320 3614 2398 3669; baseline -0.026 0"><span class='ocrx_word' id='word_1_167' title='bbox 2320 3614 2398 3669; x_wconf 91' lang='grc'>10</span> 
     </span>
    </p>
   </div>
  </div>
 </body>
</html>
