2784 4319
298 241 419 301 100

192 639 273 694 35

196 1071 277 1123 40

200 1500 277 1552 45

196 1929 278 1984 50

198 2362 279 2413 55

202 2792 282 2845 60

203 3222 283 3275 65

1141 239 1330 288 110le
1340 240 1413 288 ΤΙ
1454 239 1746 288 EPODON

774 396 899 457 quo
943 381 1163 456 posset
1208 377 1482 440 infossus
1526 397 1686 457 puer

602 461 793 542 longo
840 462 945 524 die
989 462 1088 525 bis
1133 467 1358 542 terque
1403 467 1688 526 mutatae
1735 461 1919 542 dapis

775 548 1043 610 inemori
1088 547 1476 628 spectaculO‚

605 655 748 696 cum
792 635 1183 714 promineret
1228 654 1357 708 ore,
1405 639 1714 714 quantum
1759 637 1982 696 extant
2027 653 2192 715 aqua

777 739 1085 800 suspensa
1127 728 1343 782 mento
1391 719 1694 801 corpora:

604 811 863 868 exsecta
904 807 999 868 uti
1043 805 1323 869 medulla
1368 812 1436 868 et
1479 806 1729 869 aridum
1773 807 1948 868 iecur

780 893 1014 955 amoris
1062 897 1230 954 esset
1274 891 1591 973 poculum,

604 979 1015 1042 interminato
1064 999 1205 1040 cum
1252 978 1450 1041 semel
1493 977 1656 1040 fixae
1705 955 1846 1040 cibo

776 1064 1200 1128 intabuissent
1243 1064 1540 1144 pupulae.

603 1170 732 1212 non
778 1149 1053 1213 defuisse
1099 1149 1421 1213 masculae
1467 1149 1749 1213 libidinis

774 1235 1241 1300 Ariminensem
1296 1236 1541 1300 Foliam
1601 1301 1630 1320 Ι

609 1326 675 1384 et
719 1322 929 1385 otiosa
974 1322 1249 1388 credidit
1291 1321 1596 1404 Neapolis

779 1413 844 1470 et
889 1429 1075 1471 omne
1120 1409 1396 1470 vicinum
1442 1407 1767 1488 oppidum,

604 1513 770 1574 quae
816 1494 1029 1558 sidera
1074 1499 1416 1557 excantata
1459 1514 1613 1557 voce
1660 1491 1965 1556 Thessala

777 1579 1119 1660 lunamque
1164 1579 1341 1643 caelo
1389 1580 1642 1660 deripit

604 1665 709 1728 hic
753 1665 1141 1729 inresectum
1185 1686 1375 1730 saeva
1420 1666 1611 1729 dente
1654 1665 1848 1728 livido

779 1750 1047 1815 Canidia
1090 1752 1324 1814 rodens
1368 1750 1673 1855 pollicem

605 1837 759 1919 quid
805 1837 967 1901 dixit
1011 1843 1124 1901 aut
1167 1837 1321 1918 quid
1365 1829 1673 1901 tacuit?‘
1681 1857 1718 1900 o
1763 1837 1956 1901 rebus
1997 1838 2157 1900 meis

783 1944 911 1987 non
955 1921 1243 1986 infideles
1289 1923 1592 2002 arbitrae‚

606 2010 749 2072 Nox
795 2015 863 2072 et
904 2009 1135 2082 Diana,
1183 2029 1347 2090 quae
1395 2009 1716 2073 silentium
1761 2010 1948 2091 regiS,

688 2110 693 2117 “
782 2115 1020 2158 arcana
1068 2117 1211 2158 cum
1254 2094 1418 2159 fiunt
1462 2117 1664 2173 sacra,

606 2203 791 2260 nunc,
838 2204 1005 2245 nunc
1051 2182 1293 2260 adeste,
1338 2204 1506 2246 nunc
1552 2184 1616 2246 in
1660 2182 1925 2245 hostiles
1971 2182 2196 2245 domos

778 2269 941 2331 iram
985 2274 1177 2350 atque
1222 2290 1456 2331 numen
1500 2269 1748 2332 vertite.

608 2353 1037 2418 formidolosis
1084 2375 1226 2417 cum
1269 2354 1476 2419 latent
1520 2354 1690 2417 silvis
1735 2354 1908 2417 ferae

782 2439 953 2508 dulci
998 2459 1226 2521 sopore
1271 2440 1632 2522 langui-dae,

612 2546 847 2605 senem,
895 2526 1067 2608 quod
1112 2548 1331 2589 omnes
1376 2527 1650 2603 rideant,
1697 2524 2054 2589 adulterum

784 2612 1026 2676 latrent
1068 2610 1442 2677 Suburanae
1489 2633 1698 2690 caneS‚

612 2698 815 2762 nardo
860 2704 1261 2780 perunctum,
1308 2698 1495 2779 quale
1541 2719 1670 2760 non
1711 2696 2056 2779 perfectius

787 2806 969 2848 meae
1012 2784 1372 2848 laborarint
1415 2806 1658 2848 manus

612 2871 765 2951 quid
810 2871 1089 2935 accidit?
1136 2891 1248 2933 cur
1291 2870 1434 2933 dira
1476 2870 1791 2933 barbarae
1835 2869 2043 2933 minus

781 2978 1025 3020 venena
1067 2956 1336 3021 Medeae
1380 2955 1613 3034 valent,

612 3042 843 3125 quibus
888 3042 1230 3125 superbam
1275 3040 1440 3123 fugit
1481 3040 1620 3105 ulta
1661 3041 1992 3123 paelicem,

787 3131 1002 3210 magni
1048 3128 1339 3191 Creontis
1384 3126 1605 3206 filiam,

612 3236 756 3279 cum
799 3214 991 3295 palla7
1037 3214 1190 3278 tabo
1236 3234 1463 3277 munus
1506 3212 1816 3293 inbutum,
1861 3234 2088 3277 novam

782 3300 1076 3364 incendio
1120 3306 1386 3380 nuptam
1432 3298 1739 3363 abstulit?

612 3388 791 3469 atqui
834 3407 953 3449 nec
995 3386 1198 3450 herba
1240 3407 1358 3450 nec
1400 3386 1609 3450 latens
1653 3387 1719 3449 in
1765 3386 2006 3468 asperis

786 3472 974 3535 radix
1016 3472 1244 3536 fefellit
1285 3492 1389 3535 me
1432 3472 1621 3535 locis:

611 3559 921 3627 indormit
962 3560 1171 3622 unctis
1216 3559 1498 3622 omnium
1544 3558 1856 3623 cubilibus

788 3644 1101 3707 oblivione
1144 3644 1479 3727 paelicum.

612 3752 654 3795 a
697 3752 755 3808 a,
800 3728 1046 3793 solutus
1090 3730 1377 3795 ambulat
1418 3729 1737 3795 veneficae

782 3817 1139 3880 scientioris
1184 3817 1496 3881 carmine!
