2784 4319
921 283 1056 334 Lm.
1095 284 1190 333 111.
1229 286 1589 351 xxiv-xxva

1116 523 1401 597 XXVI.
1488 534 1493 541 “

532 689 676 752 'Vixi
719 690 947 771 puellis
992 712 1196 773 nuper
1237 693 1505 757 idoneus

411 828 418 833 .
532 780 599 839 et
642 777 908 839 militavi
953 798 1081 841 non
1127 779 1262 841 sine
1307 779 1543 859 gloria:

616 882 782 925 nunc
828 884 1008 925 arma
1051 862 1546 945 defunctumque
1591 865 1761 930 bello

699 947 996 1011 barbiton
1040 948 1146 1011 hic
1187 951 1401 1030 paries
1446 950 1729 1031 habebit,

527 1064 778 1128 laevum
821 1069 1106 1131 marinae
1151 1071 1260 1149 qui
1304 1070 1570 1143 Veneris
1612 1071 1785 1135 latus

529 1151 825 1214 custodit.
869 1152 993 1234 hic,
1039 1154 1143 1217 hic
1187 1156 1406 1235 ponite
1450 1155 1665 1220 lucida

613 1235 852 1299 funalia
898 1244 964 1301 et
1005 1245 1219 1303 vectes
1266 1246 1333 1303 et
1376 1260 1562 1304 arcus

699 1324 1008 1403 oppositis
1052 1324 1296 1390 foribus
1339 1328 1638 1389 minaces,

526 1461 564 1501 o
611 1461 774 1520 quae
820 1442 1078 1507 beatam
1123 1444 1270 1510 diva
1312 1450 1493 1510 tenes
1542 1444 1817 1529 Cyprum
1862 1451 1929 1509 et

526 1524 852 1607 Memphin
897 1535 1221 1595 carentem
1267 1530 1560 1595 Sithonia
1602 1532 1766 1610 nive,

611 1613 850 1693 regina,
899 1615 1153 1679 sublimi
1197 1616 1451 1699 flagello

694 1703 887 1781 tange
933 1699 1174 1765 Chloen
1219 1701 1420 1767 semel
1464 1701 1901 1782 adrogantem.

1079 1886 1403 1969 XXVII.

520 2054 736 2136 Inpios
778 2075 1010 2137 parrae
1053 2056 1397 2121 recinentis
1444 2078 1629 2121 omen

522 2142 719 2208 ducat
762 2146 830 2207 et
871 2163 1229 2223 praegnans
1276 2143 1471 2222 canis,
1518 2158 1631 2207 aut
1676 2144 1757 2208 ab
1802 2166 1957 2227 agro

522 2248 676 2291 rava
720 2228 1062 2291 decurrens
1107 2227 1269 2308 lupa'
1302 2227 1629 2292 Lanuvino

691 2313 949 2393 fetaque
993 2313 1245 2394 volpes3

517 2438 776 2514 rumpat
819 2438 886 2496 et
930 2455 1190 2514 serpens
1235 2434 1360 2496 iter
1403 2433 1784 2514 institutum,

519 2518 575 2579 si
619 2538 736 2599 per
779 2517 1105 2599 obliquum
1149 2518 1372 2582 similis
1418 2519 1689 2600 sagittae

519 2604 752 2666 terruit
793 2625 1092 2668 mannos:
1141 2624 1259 2684 ego
1307 2605 1407 2667 cui
1453 2605 1693 2668 timebo

688 2689 990 2770 providus
1035 2711 1293 2769 auspex,

517 2811 863 2887 antequam
908 2814 1152 2870 stantes
1196 2814 1452 2890 repetat
1493 2806 1761 2890 paludes
1802 2835 1805 2843 ·

519 2893 816 2956 imbrium
862 2893 1098 2974 divina·
1133 2893 1266 2956 avis
1311 2895 1750 2972 inminentum‚

520 2979 809 3042 oscinem.
847 2998 1104 3041 corvum
1147 3000 1338 3060 prece
1384 2979 1707 3044 suscitabo

691 3062 844 3126 solis
889 3064 970 3127 ab
1017 3069 1180 3126 ortu.

498 3182 604 3246 >sis
646 3181 800 3245 licet
842 3182 1014 3261 felix,
1059 3183 1442 3263 ubicumque
1488 3184 1706 3261 mavia

518 3272 586 3329 et
627 3277 872 3331 memor
912 3269 1134 3346 nostri,
1183 3267 1472 3346 Galatea,
1518 3270 1712 3347 vivae,

509 3357 707 3434 ,teque
752 3374 870 3418 nec
913 3354 1130 3430 laevus
1173 3359 1348 3416 vetet
1391 3355 1487 3417 ire
1530 3354 1711 3434 picus

687 3460 808 3502 nec
849 3459 1012 3520 vaga
1057 3441 1293 3502 cornix.

519 3556 653 3620 sed.
675 3557 871 3635 videS,
919 3563 1158 3637 quanto
1203 3556 1484 3637 trepidet
1526 3555 1808 3620 tumultu

517 3660 752 3718 pronus
799 3641 1025 3706 Orion:
1075 3664 1190 3724 ego
1238 3643 1391 3723 quid
1437 3644 1521 3706 sit
1564 3648 1705 3705 ater
1780 3671 1785 3674 ·

519 3723 810 3792 Hadriae
841 3729 986 3790 novi
1033 3729 1204 3790 sinus
1253 3734 1320 3798 et,
1362 3728 1537 3808 quid·
1561 3726 1746 3790 albus

687 3819 912 3893 peccet
954 3813 1168 3894 Iapyx.

2308 294 2389 353 69

2414 1540 2486 1591 10

2407 2900 2485 2952 10

2402 3327 2477 3410 15

2398 3818 2477 3870 20
