<?xml version="1.0" encoding="UTF-8"?>
<!DOCTYPE html PUBLIC "-//W3C//DTD XHTML 1.0 Transitional//EN"
    "http://www.w3.org/TR/xhtml1/DTD/xhtml1-transitional.dtd">
<html xmlns="http://www.w3.org/1999/xhtml" xml:lang="en" lang="en">
 <head>
  <title>
</title>
<meta http-equiv="Content-Type" content="text/html;charset=utf-8" />
  <meta name='ocr-system' content='tesseract 3.04.00' />
  <meta name='ocr-capabilities' content='ocr_page ocr_carea ocr_par ocr_line ocrx_word'/>
</head>
<body>
  <div class='ocr_page' id='page_1' title='image "./qhoratiiflaccic00petsgoog_0090.png"; bbox 0 0 2784 4319; ppageno 0'>
   <div class='ocr_carea' id='block_1_1' title="bbox 354 550 434 605">
    <p class='ocr_par' dir='ltr' id='par_1_1' title="bbox 354 550 434 605">
     <span class='ocr_line' id='line_1_1' title="bbox 354 550 434 605; baseline 0.038 -3"><span class='ocrx_word' id='word_1_1' title='bbox 354 550 434 605; x_wconf 91' lang='lat'>10</span> 
     </span>
    </p>
   </div>
   <div class='ocr_carea' id='block_1_2' title="bbox 350 1027 431 1080">
    <p class='ocr_par' dir='ltr' id='par_1_2' title="bbox 350 1027 431 1080">
     <span class='ocr_line' id='line_1_2' title="bbox 350 1027 431 1080; baseline 0 0"><span class='ocrx_word' id='word_1_2' title='bbox 350 1027 431 1080; x_wconf 84' lang='lat'>15</span> 
     </span>
    </p>
   </div>
   <div class='ocr_carea' id='block_1_3' title="bbox 346 1503 429 1558">
    <p class='ocr_par' dir='ltr' id='par_1_3' title="bbox 346 1503 429 1558">
     <span class='ocr_line' id='line_1_3' title="bbox 346 1503 429 1558; baseline 0 0"><span class='ocrx_word' id='word_1_3' title='bbox 346 1503 429 1558; x_wconf 81' lang='lat'>20</span> 
     </span>
    </p>
   </div>
   <div class='ocr_carea' id='block_1_4' title="bbox 346 2033 427 2088">
    <p class='ocr_par' dir='ltr' id='par_1_4' title="bbox 346 2033 427 2088">
     <span class='ocr_line' id='line_1_4' title="bbox 346 2033 427 2088; baseline 0.025 -2"><span class='ocrx_word' id='word_1_4' title='bbox 346 2033 427 2088; x_wconf 82' lang='lat'>25</span> 
     </span>
    </p>
   </div>
   <div class='ocr_carea' id='block_1_5' title="bbox 345 2512 427 2566">
    <p class='ocr_par' dir='ltr' id='par_1_5' title="bbox 345 2512 427 2566">
     <span class='ocr_line' id='line_1_5' title="bbox 345 2512 427 2566; baseline -0.012 0"><span class='ocrx_word' id='word_1_5' title='bbox 345 2512 427 2566; x_wconf 83' lang='lat'>30</span> 
     </span>
    </p>
   </div>
   <div class='ocr_carea' id='block_1_6' title="bbox 344 2988 425 3041">
    <p class='ocr_par' dir='ltr' id='par_1_6' title="bbox 344 2988 425 3041">
     <span class='ocr_line' id='line_1_6' title="bbox 344 2988 425 3041; baseline 0 0"><span class='ocrx_word' id='word_1_6' title='bbox 344 2988 425 3041; x_wconf 85' lang='lat'>35</span> 
     </span>
    </p>
   </div>
   <div class='ocr_carea' id='block_1_7' title="bbox 343 3466 425 3519">
    <p class='ocr_par' dir='ltr' id='par_1_7' title="bbox 343 3466 425 3519">
     <span class='ocr_line' id='line_1_7' title="bbox 343 3466 425 3519; baseline 0 0"><span class='ocrx_word' id='word_1_7' title='bbox 343 3466 425 3519; x_wconf 87' lang='lat'>40</span> 
     </span>
    </p>
   </div>
   <div class='ocr_carea' id='block_1_8' title="bbox 456 326 539 388">
    <p class='ocr_par' dir='ltr' id='par_1_8' title="bbox 456 326 539 388">
     <span class='ocr_line' id='line_1_8' title="bbox 456 326 539 388; baseline 0 0"><span class='ocrx_word' id='word_1_8' title='bbox 456 326 539 388; x_wconf 83' lang='lat'>58</span> 
     </span>
    </p>
   </div>
   <div class='ocr_carea' id='block_1_9' title="bbox 1247 325 1942 378">
    <p class='ocr_par' dir='ltr' id='par_1_9' title="bbox 1247 325 1942 378">
     <span class='ocr_line' id='line_1_9' title="bbox 1247 325 1942 378; baseline 0 -2"><span class='ocrx_word' id='word_1_9' title='bbox 1247 325 1524 378; x_wconf 79' lang='lat' dir='ltr'><strong>HORA&#39;I&#39;I</strong></span> <span class='ocrx_word' id='word_1_10' title='bbox 1561 327 1942 377; x_wconf 82' lang='lat' dir='ltr'><strong>CARMINUM</strong></span> 
     </span>
    </p>
   </div>
   <div class='ocr_carea' id='block_1_10' title="bbox 865 461 2226 784">
    <p class='ocr_par' dir='ltr' id='par_1_10' title="bbox 868 461 2182 544">
     <span class='ocr_line' id='line_1_10' title="bbox 868 461 2182 544; baseline 0.002 -19"><span class='ocrx_word' id='word_1_11' title='bbox 868 481 1038 544; x_wconf 85' lang='lat' dir='ltr'>quae</span> <span class='ocrx_word' id='word_1_12' title='bbox 1079 462 1256 526; x_wconf 83' lang='lat' dir='ltr'>velut</span> <span class='ocrx_word' id='word_1_13' title='bbox 1296 461 1448 526; x_wconf 88' lang='lat' dir='ltr'>latis</span> <span class='ocrx_word' id='word_1_14' title='bbox 1493 482 1660 543; x_wconf 89' lang='lat' dir='ltr'>equa</span> <span class='ocrx_word' id='word_1_15' title='bbox 1701 462 1894 525; x_wconf 88' lang='lat' dir='ltr'>trima</span> <span class='ocrx_word' id='word_1_16' title='bbox 1939 463 2182 544; x_wconf 86' lang='lat' dir='ltr'>campis</span> 
     </span>
    </p>

    <p class='ocr_par' dir='ltr' id='par_1_11' title="bbox 866 546 1985 629">
     <span class='ocr_line' id='line_1_11' title="bbox 866 546 1985 629; baseline -0.001 -18"><span class='ocrx_word' id='word_1_17' title='bbox 866 546 1037 612; x_wconf 86' lang='lat' dir='ltr'>ludit</span> <span class='ocrx_word' id='word_1_18' title='bbox 1080 548 1345 613; x_wconf 84' lang='lat' dir='ltr'>exultim</span> <span class='ocrx_word' id='word_1_19' title='bbox 1388 548 1742 629; x_wconf 87' lang='lat' dir='ltr'>metuitque</span> <span class='ocrx_word' id='word_1_20' title='bbox 1788 549 1985 629; x_wconf 85' lang='lat' dir='ltr'>tangi,</span> 
     </span>
    </p>

    <p class='ocr_par' dir='ltr' id='par_1_12' title="bbox 865 632 2226 784">
     <span class='ocr_line' id='line_1_12' title="bbox 865 632 2226 716; baseline 0.001 -20"><span class='ocrx_word' id='word_1_21' title='bbox 865 634 1239 716; x_wconf 80' lang='lat' dir='ltr'>nuptiarum</span> <span class='ocrx_word' id='word_1_22' title='bbox 1284 654 1512 716; x_wconf 84' lang='lat' dir='ltr'>expers</span> <span class='ocrx_word' id='word_1_23' title='bbox 1559 637 1626 698; x_wconf 89' lang='lat' dir='ltr'>et</span> <span class='ocrx_word' id='word_1_24' title='bbox 1669 632 1880 697; x_wconf 91' lang='lat' dir='ltr'>adhuc</span> <span class='ocrx_word' id='word_1_25' title='bbox 1921 639 2226 716; x_wconf 81' lang='lat' dir='ltr'>protervo</span> 
     </span>
     <span class='ocr_line' id='line_1_13' title="bbox 1042 719 1539 784; baseline 0 -2"><span class='ocrx_word' id='word_1_26' title='bbox 1042 719 1243 784; x_wconf 84' lang='lat' dir='ltr'>cruda</span> <span class='ocrx_word' id='word_1_27' title='bbox 1286 720 1539 784; x_wconf 89' lang='lat' dir='ltr'>marito.</span> 
     </span>
    </p>
   </div>
   <div class='ocr_carea' id='block_1_11' title="bbox 864 854 2084 1176">
    <p class='ocr_par' dir='ltr' id='par_1_13' title="bbox 864 854 2084 938">
     <span class='ocr_line' id='line_1_14' title="bbox 864 854 2084 938; baseline 0 -20"><span class='ocrx_word' id='word_1_28' title='bbox 864 857 959 918; x_wconf 83' lang='lat' dir='ltr'>tu&#39;</span> <span class='ocrx_word' id='word_1_29' title='bbox 981 861 1169 937; x_wconf 86' lang='lat' dir='ltr'>potes</span> <span class='ocrx_word' id='word_1_30' title='bbox 1212 856 1412 938; x_wconf 81' lang='lat' dir='ltr'>tigres</span> <span class='ocrx_word' id='word_1_31' title='bbox 1459 855 1848 936; x_wconf 79' lang='lat' dir='ltr'>comitesque</span> <span class='ocrx_word' id='word_1_32' title='bbox 1895 854 2084 918; x_wconf 86' lang='lat' dir='ltr'>silvas</span> 
     </span>
    </p>

    <p class='ocr_par' dir='ltr' id='par_1_14' title="bbox 867 941 2029 1021">
     <span class='ocr_line' id='line_1_15' title="bbox 867 941 2029 1021; baseline 0.001 -18"><span class='ocrx_word' id='word_1_33' title='bbox 867 941 1104 1006; x_wconf 89' lang='lat' dir='ltr'>ducere</span> <span class='ocrx_word' id='word_1_34' title='bbox 1150 946 1217 1005; x_wconf 86' lang='lat' dir='ltr'>et</span> <span class='ocrx_word' id='word_1_35' title='bbox 1258 942 1429 1005; x_wconf 84' lang='lat' dir='ltr'>rivos</span> <span class='ocrx_word' id='word_1_36' title='bbox 1476 941 1715 1006; x_wconf 82' lang='lat' dir='ltr'>celeres</span> <span class='ocrx_word' id='word_1_37' title='bbox 1759 941 2029 1021; x_wconf 82' lang='lat' dir='ltr'>morari3</span> 
     </span>
    </p>

    <p class='ocr_par' dir='ltr' id='par_1_15' title="bbox 866 1024 1943 1176">
     <span class='ocr_line' id='line_1_16' title="bbox 866 1024 1943 1090; baseline -0.002 0"><span class='ocrx_word' id='word_1_38' title='bbox 866 1027 1062 1090; x_wconf 83' lang='lat' dir='ltr'>cessit</span> <span class='ocrx_word' id='word_1_39' title='bbox 1104 1026 1378 1090; x_wconf 88' lang='lat' dir='ltr'>inmanis</span> <span class='ocrx_word' id='word_1_40' title='bbox 1423 1025 1544 1090; x_wconf 90' lang='lat' dir='ltr'>tibi</span> <span class='ocrx_word' id='word_1_41' title='bbox 1586 1024 1943 1090; x_wconf 85' lang='lat' dir='ltr'>blandienti</span> 
     </span>
     <span class='ocr_line' id='line_1_17' title="bbox 1036 1112 1508 1176; baseline 0 -1"><span class='ocrx_word' id='word_1_42' title='bbox 1036 1112 1278 1176; x_wconf 87' lang='lat' dir='ltr'>ianitor</span> <span class='ocrx_word' id='word_1_43' title='bbox 1320 1112 1508 1176; x_wconf 86' lang='lat' dir='ltr'>aulae</span> 
     </span>
    </p>
   </div>
   <div class='ocr_carea' id='block_1_12' title="bbox 862 1244 2112 1586">
    <p class='ocr_par' dir='ltr' id='par_1_16' title="bbox 866 1244 2112 1330">
     <span class='ocr_line' id='line_1_18' title="bbox 866 1244 2112 1330; baseline -0.001 -19"><span class='ocrx_word' id='word_1_44' title='bbox 866 1244 1201 1327; x_wconf 77' lang='lat' dir='ltr'>Cerberu8‚</span> <span class='ocrx_word' id='word_1_45' title='bbox 1247 1249 1538 1330; x_wconf 83' lang='lat' dir='ltr'>quamvis</span> <span class='ocrx_word' id='word_1_46' title='bbox 1581 1245 1809 1312; x_wconf 87' lang='lat' dir='ltr'>furiale</span> <span class='ocrx_word' id='word_1_47' title='bbox 1855 1250 2112 1310; x_wconf 84' lang='lat' dir='ltr'>centum</span> 
     </span>
    </p>

    <p class='ocr_par' dir='ltr' id='par_1_17' title="bbox 862 1333 2102 1415">
     <span class='ocr_line' id='line_1_19' title="bbox 862 1333 2102 1415; baseline -0.002 -18"><span class='ocrx_word' id='word_1_48' title='bbox 862 1334 1157 1397; x_wconf 88' lang='lat' dir='ltr'>muniant</span> <span class='ocrx_word' id='word_1_49' title='bbox 1199 1354 1441 1415; x_wconf 89' lang='lat' dir='ltr'>angues</span> <span class='ocrx_word' id='word_1_50' title='bbox 1489 1338 1683 1413; x_wconf 89' lang='lat' dir='ltr'>caput</span> <span class='ocrx_word' id='word_1_51' title='bbox 1727 1333 1862 1396; x_wconf 88' lang='lat' dir='ltr'>eius</span> <span class='ocrx_word' id='word_1_52' title='bbox 1907 1337 2102 1412; x_wconf 84' lang='lat' dir='ltr'>atque</span> 
     </span>
    </p>

    <p class='ocr_par' dir='ltr' id='par_1_18' title="bbox 864 1419 2030 1586">
     <span class='ocr_line' id='line_1_20' title="bbox 864 1419 2030 1501; baseline -0.003 -18"><span class='ocrx_word' id='word_1_53' title='bbox 864 1419 1127 1501; x_wconf 85' lang='lat' dir='ltr'>spiritus</span> <span class='ocrx_word' id='word_1_54' title='bbox 1172 1424 1385 1482; x_wconf 85' lang='lat' dir='ltr'>taeter</span> <span class='ocrx_word' id='word_1_55' title='bbox 1428 1419 1764 1498; x_wconf 89' lang='lat' dir='ltr'>saniesque</span> <span class='ocrx_word' id='word_1_56' title='bbox 1809 1423 2030 1481; x_wconf 85' lang='lat' dir='ltr'>manet</span> 
     </span>
     <span class='ocr_line' id='line_1_21' title="bbox 1036 1504 1494 1586; baseline -0.004 -18"><span class='ocrx_word' id='word_1_57' title='bbox 1036 1525 1148 1568; x_wconf 90' lang='lat' dir='ltr'>ore</span> <span class='ocrx_word' id='word_1_58' title='bbox 1190 1504 1494 1586; x_wconf 84' lang='lat' dir='ltr'>trilingui.</span> 
     </span>
    </p>
   </div>
   <div class='ocr_carea' id='block_1_13' title="bbox 818 1637 1966 1721">
    <p class='ocr_par' dir='ltr' id='par_1_19' title="bbox 818 1637 1966 1721">
     <span class='ocr_line' id='line_1_22' title="bbox 818 1637 1966 1721; baseline -0.003 -19"><span class='ocrx_word' id='word_1_59' title='bbox 818 1645 825 1652; x_wconf 82' lang='grc'><em>“</em></span> <span class='ocrx_word' id='word_1_60' title='bbox 862 1640 1018 1721; x_wconf 89' lang='lat' dir='ltr'>quin</span> <span class='ocrx_word' id='word_1_61' title='bbox 1063 1645 1131 1704; x_wconf 85' lang='lat' dir='ltr'>et</span> <span class='ocrx_word' id='word_1_62' title='bbox 1172 1639 1355 1702; x_wconf 86' lang='lat' dir='ltr'>Ixion</span> <span class='ocrx_word' id='word_1_63' title='bbox 1401 1638 1744 1721; x_wconf 81' lang='lat' dir='ltr'>Tityosque</span> <span class='ocrx_word' id='word_1_64' title='bbox 1789 1637 1966 1700; x_wconf 84' lang='lat' dir='ltr'>voltu</span> 
     </span>
    </p>
   </div>
   <div class='ocr_carea' id='block_1_14' title="bbox 860 1723 2027 1959">
    <p class='ocr_par' dir='ltr' id='par_1_20' title="bbox 860 1723 2027 1959">
     <span class='ocr_line' id='line_1_23' title="bbox 860 1723 2008 1804; baseline -0.003 -15"><span class='ocrx_word' id='word_1_65' title='bbox 860 1726 1006 1788; x_wconf 88' lang='lat' dir='ltr'>risit</span> <span class='ocrx_word' id='word_1_66' title='bbox 1045 1725 1266 1804; x_wconf 81' lang='lat' dir='ltr'>invito,</span> <span class='ocrx_word' id='word_1_67' title='bbox 1312 1725 1496 1786; x_wconf 87' lang='lat' dir='ltr'>stetit</span> <span class='ocrx_word' id='word_1_68' title='bbox 1537 1744 1702 1786; x_wconf 89' lang='lat' dir='ltr'>urna</span> <span class='ocrx_word' id='word_1_69' title='bbox 1742 1723 2008 1804; x_wconf 90' lang='lat' dir='ltr'>paulum</span> 
     </span>
     <span class='ocr_line' id='line_1_24' title="bbox 861 1808 2027 1891; baseline -0.003 -16"><span class='ocrx_word' id='word_1_70' title='bbox 861 1811 1053 1890; x_wconf 86' lang='lat' dir='ltr'>sicca,</span> <span class='ocrx_word' id='word_1_71' title='bbox 1099 1810 1254 1874; x_wconf 90' lang='lat' dir='ltr'>dum</span> <span class='ocrx_word' id='word_1_72' title='bbox 1296 1814 1480 1891; x_wconf 85' lang='lat' dir='ltr'>grato</span> <span class='ocrx_word' id='word_1_73' title='bbox 1527 1809 1736 1873; x_wconf 90' lang='lat' dir='ltr'>Danai</span> <span class='ocrx_word' id='word_1_74' title='bbox 1778 1808 2027 1889; x_wconf 86' lang='lat' dir='ltr'>puellas</span> 
     </span>
     <span class='ocr_line' id='line_1_25' title="bbox 1036 1895 1624 1959; baseline -0.005 0"><span class='ocrx_word' id='word_1_75' title='bbox 1036 1896 1318 1959; x_wconf 89' lang='lat' dir='ltr'>carmine</span> <span class='ocrx_word' id='word_1_76' title='bbox 1362 1895 1624 1958; x_wconf 87' lang='lat' dir='ltr'>mulces.</span> 
     </span>
    </p>
   </div>
   <div class='ocr_carea' id='block_1_15' title="bbox 860 2029 2162 2369">
    <p class='ocr_par' dir='ltr' id='par_1_21' title="bbox 862 2029 2031 2115">
     <span class='ocr_line' id='line_1_26' title="bbox 862 2029 2031 2115; baseline -0.003 -19"><span class='ocrx_word' id='word_1_77' title='bbox 862 2031 1088 2096; x_wconf 87' lang='lat' dir='ltr'>audiat</span> <span class='ocrx_word' id='word_1_78' title='bbox 1128 2031 1305 2115; x_wconf 81' lang='lat' dir='ltr'>Lyde</span> <span class='ocrx_word' id='word_1_79' title='bbox 1350 2029 1559 2094; x_wconf 86' lang='lat' dir='ltr'>scelus</span> <span class='ocrx_word' id='word_1_80' title='bbox 1603 2034 1798 2110; x_wconf 89' lang='lat' dir='ltr'>atque</span> <span class='ocrx_word' id='word_1_81' title='bbox 1843 2034 2031 2092; x_wconf 85' lang='lat' dir='ltr'>notas</span> 
     </span>
    </p>

    <p class='ocr_par' dir='ltr' id='par_1_22' title="bbox 860 2112 2162 2200">
     <span class='ocr_line' id='line_1_27' title="bbox 860 2112 2162 2200; baseline -0.002 -19"><span class='ocrx_word' id='word_1_82' title='bbox 860 2117 1176 2200; x_wconf 84' lang='lat' dir='ltr'>virginum</span> <span class='ocrx_word' id='word_1_83' title='bbox 1218 2135 1460 2197; x_wconf 87' lang='lat' dir='ltr'>poenas</span> <span class='ocrx_word' id='word_1_84' title='bbox 1507 2119 1574 2178; x_wconf 86' lang='lat' dir='ltr'>et</span> <span class='ocrx_word' id='word_1_85' title='bbox 1615 2115 1804 2178; x_wconf 82' lang='lat' dir='ltr'>inane</span> <span class='ocrx_word' id='word_1_86' title='bbox 1847 2112 2162 2197; x_wconf 80' lang='lat' dir='ltr'>lymphae.</span> 
     </span>
    </p>

    <p class='ocr_par' dir='ltr' id='par_1_23' title="bbox 862 2200 1912 2369">
     <span class='ocr_line' id='line_1_28' title="bbox 862 2200 1912 2283; baseline -0.005 -16"><span class='ocrx_word' id='word_1_87' title='bbox 862 2202 1107 2267; x_wconf 89' lang='lat' dir='ltr'>dolium</span> <span class='ocrx_word' id='word_1_88' title='bbox 1150 2202 1348 2265; x_wconf 87' lang='lat' dir='ltr'>fundo</span> <span class='ocrx_word' id='word_1_89' title='bbox 1394 2200 1721 2283; x_wconf 88' lang='lat' dir='ltr'>pereuntis</span> <span class='ocrx_word' id='word_1_90' title='bbox 1763 2200 1912 2279; x_wconf 87' lang='lat' dir='ltr'>imo,</span> 
     </span>
     <span class='ocr_line' id='line_1_29' title="bbox 1034 2286 1504 2369; baseline -0.004 -18"><span class='ocrx_word' id='word_1_91' title='bbox 1034 2308 1305 2369; x_wconf 88' lang='lat' dir='ltr'>seraque</span> <span class='ocrx_word' id='word_1_92' title='bbox 1350 2286 1504 2365; x_wconf 83' lang='lat' dir='ltr'>fata,</span> 
     </span>
    </p>
   </div>
   <div class='ocr_carea' id='block_1_16' title="bbox 858 2419 2236 2764">
    <p class='ocr_par' dir='ltr' id='par_1_24' title="bbox 858 2419 2236 2678">
     <span class='ocr_line' id='line_1_30' title="bbox 858 2419 2236 2506; baseline -0.002 -19"><span class='ocrx_word' id='word_1_93' title='bbox 858 2444 1027 2506; x_wconf 89' lang='lat' dir='ltr'>quae</span> <span class='ocrx_word' id='word_1_94' title='bbox 1069 2428 1334 2487; x_wconf 88' lang='lat' dir='ltr'>manent</span> <span class='ocrx_word' id='word_1_95' title='bbox 1377 2423 1600 2504; x_wconf 90' lang='lat' dir='ltr'>culpas</span> <span class='ocrx_word' id='word_1_96' title='bbox 1646 2422 1842 2487; x_wconf 87' lang='lat' dir='ltr'>etiam</span> <span class='ocrx_word' id='word_1_97' title='bbox 1887 2419 2004 2486; x_wconf 88' lang='lat' dir='ltr'>sub</span> <span class='ocrx_word' id='word_1_98' title='bbox 2050 2420 2236 2485; x_wconf 90' lang='lat' dir='ltr'>Orco.</span> 
     </span>
     <span class='ocr_line' id='line_1_31' title="bbox 860 2507 2165 2593; baseline -0.002 -20"><span class='ocrx_word' id='word_1_99' title='bbox 860 2509 1081 2592; x_wconf 85' lang='lat' dir='ltr'>inpiae</span> <span class='ocrx_word' id='word_1_100' title='bbox 1127 2510 1303 2593; x_wconf 89' lang='lat' dir='ltr'>(nam</span> <span class='ocrx_word' id='word_1_101' title='bbox 1350 2509 1506 2589; x_wconf 89' lang='lat' dir='ltr'>quid</span> <span class='ocrx_word' id='word_1_102' title='bbox 1548 2512 1818 2590; x_wconf 82' lang='lat' dir='ltr'>potuere</span> <span class='ocrx_word' id='word_1_103' title='bbox 1864 2508 2070 2573; x_wconf 86' lang='lat' dir='ltr'>maius</span> <span class='ocrx_word' id='word_1_104' title='bbox 2085 2507 2165 2591; x_wconf 71' lang='lat'>32),</span> 
     </span>
     <span class='ocr_line' id='line_1_32' title="bbox 861 2593 1907 2678; baseline -0.003 -18"><span class='ocrx_word' id='word_1_105' title='bbox 861 2595 1077 2678; x_wconf 86' lang='lat' dir='ltr'>inpiae</span> <span class='ocrx_word' id='word_1_106' title='bbox 1121 2615 1389 2678; x_wconf 88' lang='lat' dir='ltr'>sponsos</span> <span class='ocrx_word' id='word_1_107' title='bbox 1433 2598 1701 2675; x_wconf 85' lang='lat' dir='ltr'>potuere</span> <span class='ocrx_word' id='word_1_108' title='bbox 1748 2593 1907 2657; x_wconf 89' lang='lat' dir='ltr'>duro</span> 
     </span>
    </p>

    <p class='ocr_par' dir='ltr' id='par_1_25' title="bbox 1032 2680 1541 2764">
     <span class='ocr_line' id='line_1_33' title="bbox 1032 2680 1541 2764; baseline -0.01 -18"><span class='ocrx_word' id='word_1_109' title='bbox 1032 2681 1306 2764; x_wconf 88' lang='lat' dir='ltr'>perdere</span> <span class='ocrx_word' id='word_1_110' title='bbox 1352 2680 1541 2743; x_wconf 78' lang='lat' dir='ltr'>ferro,</span> 
     </span>
    </p>
   </div>
   <div class='ocr_carea' id='block_1_17' title="bbox 856 2807 2182 3148">
    <p class='ocr_par' dir='ltr' id='par_1_26' title="bbox 856 2807 1878 2896">
     <span class='ocr_line' id='line_1_34' title="bbox 856 2807 1878 2896; baseline -0.007 -14"><span class='ocrx_word' id='word_1_111' title='bbox 856 2838 989 2882; x_wconf 82' lang='lat' dir='ltr'>una</span> <span class='ocrx_word' id='word_1_112' title='bbox 1030 2807 1113 2881; x_wconf 85' lang='lat' dir='ltr'>de</span> <span class='ocrx_word' id='word_1_113' title='bbox 1156 2815 1373 2879; x_wconf 82' lang='lat' dir='ltr'>multis</span> <span class='ocrx_word' id='word_1_114' title='bbox 1418 2814 1558 2878; x_wconf 85' lang='lat' dir='ltr'>face</span> <span class='ocrx_word' id='word_1_115' title='bbox 1603 2813 1878 2896; x_wconf 87' lang='lat' dir='ltr'>nuptiali</span> 
     </span>
    </p>

    <p class='ocr_par' dir='ltr' id='par_1_27' title="bbox 856 2899 2073 2983">
     <span class='ocr_line' id='line_1_35' title="bbox 856 2899 2073 2983; baseline -0.005 -17"><span class='ocrx_word' id='word_1_116' title='bbox 856 2902 1052 2983; x_wconf 86' lang='lat' dir='ltr'>digna</span> <span class='ocrx_word' id='word_1_117' title='bbox 1094 2902 1422 2983; x_wconf 90' lang='lat' dir='ltr'>periurum</span> <span class='ocrx_word' id='word_1_118' title='bbox 1466 2899 1590 2963; x_wconf 86' lang='lat' dir='ltr'>fuit</span> <span class='ocrx_word' id='word_1_119' title='bbox 1628 2900 1696 2964; x_wconf 91' lang='lat' dir='ltr'>in</span> <span class='ocrx_word' id='word_1_120' title='bbox 1739 2903 2073 2979; x_wconf 80' lang='lat' dir='ltr'>parentem</span> 
     </span>
    </p>

    <p class='ocr_par' dir='ltr' id='par_1_28' title="bbox 856 2984 2182 3148">
     <span class='ocr_line' id='line_1_36' title="bbox 856 2984 2182 3069; baseline -0.004 -17"><span class='ocrx_word' id='word_1_121' title='bbox 856 2988 1189 3069; x_wconf 88' lang='lat' dir='ltr'>splendide</span> <span class='ocrx_word' id='word_1_122' title='bbox 1235 2986 1512 3049; x_wconf 84' lang='lat' dir='ltr'>mendax</span> <span class='ocrx_word' id='word_1_123' title='bbox 1557 2990 1624 3048; x_wconf 88' lang='lat' dir='ltr'>et</span> <span class='ocrx_word' id='word_1_124' title='bbox 1665 2985 1732 3048; x_wconf 91' lang='lat' dir='ltr'>in</span> <span class='ocrx_word' id='word_1_125' title='bbox 1777 3004 1962 3047; x_wconf 89' lang='lat' dir='ltr'>omne</span> <span class='ocrx_word' id='word_1_126' title='bbox 2007 2984 2182 3065; x_wconf 84' lang='lat' dir='ltr'>virgo</span> 
     </span>
     <span class='ocr_line' id='line_1_37' title="bbox 1027 3072 1550 3148; baseline -0.006 -13"><span class='ocrx_word' id='word_1_127' title='bbox 1027 3072 1261 3136; x_wconf 87' lang='lat' dir='ltr'>nobilis</span> <span class='ocrx_word' id='word_1_128' title='bbox 1305 3092 1550 3148; x_wconf 79' lang='lat' dir='ltr'>aevum,</span> 
     </span>
    </p>
   </div>
   <div class='ocr_carea' id='block_1_18' title="bbox 853 3204 2184 3377">
    <p class='ocr_par' dir='ltr' id='par_1_29' title="bbox 853 3204 2184 3377">
     <span class='ocr_line' id='line_1_38' title="bbox 853 3204 2056 3291; baseline -0.005 -17"><span class='ocrx_word' id='word_1_129' title='bbox 853 3207 1084 3291; x_wconf 83' lang='lat' dir='ltr'>‘surge’</span> <span class='ocrx_word' id='word_1_130' title='bbox 1132 3227 1298 3289; x_wconf 89' lang='lat' dir='ltr'>quae</span> <span class='ocrx_word' id='word_1_131' title='bbox 1344 3207 1508 3269; x_wconf 86' lang='lat' dir='ltr'>dixit</span> <span class='ocrx_word' id='word_1_132' title='bbox 1550 3204 1760 3268; x_wconf 83' lang='lat' dir='ltr'>iuveni</span> <span class='ocrx_word' id='word_1_133' title='bbox 1803 3204 2056 3283; x_wconf 68' lang='lat' dir='ltr'>marim,</span> 
     </span>
     <span class='ocr_line' id='line_1_39' title="bbox 853 3288 2184 3377; baseline -0.005 -18"><span class='ocrx_word' id='word_1_134' title='bbox 853 3294 1085 3377; x_wconf 78' lang='lat' dir='ltr'>‘surge‚</span> <span class='ocrx_word' id='word_1_135' title='bbox 1128 3314 1211 3357; x_wconf 86' lang='lat' dir='ltr'>ne</span> <span class='ocrx_word' id='word_1_136' title='bbox 1254 3292 1483 3374; x_wconf 86' lang='lat' dir='ltr'>longus</span> <span class='ocrx_word' id='word_1_137' title='bbox 1527 3290 1648 3353; x_wconf 87' lang='lat' dir='ltr'>tibi</span> <span class='ocrx_word' id='word_1_138' title='bbox 1691 3310 1968 3371; x_wconf 70' lang='grc'><strong>8011111113,</strong></span> <span class='ocrx_word' id='word_1_139' title='bbox 2011 3288 2184 3353; x_wconf 88' lang='lat' dir='ltr'>unde</span> 
     </span>
    </p>
   </div>
   <div class='ocr_carea' id='block_1_19' title="bbox 855 3374 2306 3540">
    <p class='ocr_par' dir='ltr' id='par_1_30' title="bbox 855 3374 2306 3540">
     <span class='ocr_line' id='line_1_40' title="bbox 855 3374 2306 3458; baseline -0.005 -13"><span class='ocrx_word' id='word_1_140' title='bbox 855 3402 986 3445; x_wconf 88' lang='lat' dir='ltr'>non</span> <span class='ocrx_word' id='word_1_141' title='bbox 1028 3380 1237 3458; x_wconf 73' lang='lat' dir='ltr'>timeS,</span> <span class='ocrx_word' id='word_1_142' title='bbox 1283 3377 1505 3455; x_wconf 84' lang='lat' dir='ltr'>detur3</span> <span class='ocrx_word' id='word_1_143' title='bbox 1551 3395 1842 3453; x_wconf 86' lang='lat' dir='ltr'>socerum</span> <span class='ocrx_word' id='word_1_144' title='bbox 1887 3379 1954 3439; x_wconf 84' lang='lat' dir='ltr'>et</span> <span class='ocrx_word' id='word_1_145' title='bbox 1998 3374 2306 3438; x_wconf 84' lang='lat' dir='ltr'>scelestas</span> 
     </span>
     <span class='ocr_line' id='line_1_41' title="bbox 1027 3464 1499 3540; baseline -0.006 -12"><span class='ocrx_word' id='word_1_146' title='bbox 1027 3464 1181 3528; x_wconf 83' lang='lat' dir='ltr'>falle</span> <span class='ocrx_word' id='word_1_147' title='bbox 1225 3482 1499 3540; x_wconf 79' lang='lat' dir='ltr'>sorores,</span> 
     </span>
    </p>
   </div>
   <div class='ocr_carea' id='block_1_20' title="bbox 856 3595 2182 3920">
    <p class='ocr_par' dir='ltr' id='par_1_31' title="bbox 856 3595 2182 3682">
     <span class='ocr_line' id='line_1_42' title="bbox 856 3595 2182 3682; baseline -0.005 -18"><span class='ocrx_word' id='word_1_148' title='bbox 856 3620 1043 3682; x_wconf 89' lang='lat' dir='ltr'>quae,</span> <span class='ocrx_word' id='word_1_149' title='bbox 1086 3599 1265 3663; x_wconf 85' lang='lat' dir='ltr'>velut</span> <span class='ocrx_word' id='word_1_150' title='bbox 1304 3602 1579 3661; x_wconf 86' lang='lat' dir='ltr'>nanctae</span> <span class='ocrx_word' id='word_1_151' title='bbox 1623 3596 1854 3660; x_wconf 85' lang='lat' dir='ltr'>vitulos</span> <span class='ocrx_word' id='word_1_152' title='bbox 1896 3595 2182 3675; x_wconf 88' lang='lat' dir='ltr'>leaenae,</span> 
     </span>
    </p>

    <p class='ocr_par' dir='ltr' id='par_1_32' title="bbox 858 3679 2052 3767">
     <span class='ocr_line' id='line_1_43' title="bbox 858 3679 2052 3767; baseline -0.004 -18"><span class='ocrx_word' id='word_1_153' title='bbox 858 3684 1141 3767; x_wconf 84' lang='lat' dir='ltr'>singulos</span> <span class='ocrx_word' id='word_1_154' title='bbox 1187 3682 1351 3748; x_wconf 87' lang='lat' dir='ltr'>eheu</span> <span class='ocrx_word' id='word_1_155' title='bbox 1392 3682 1714 3747; x_wconf 87' lang='lat' dir='ltr'>lacerant:</span> <span class='ocrx_word' id='word_1_156' title='bbox 1763 3702 1881 3763; x_wconf 84' lang='lat' dir='ltr'>ego</span> <span class='ocrx_word' id='word_1_157' title='bbox 1926 3679 2052 3745; x_wconf 85' lang='lat' dir='ltr'>illis</span> 
     </span>
    </p>

    <p class='ocr_par' dir='ltr' id='par_1_33' title="bbox 856 3767 2120 3920">
     <span class='ocr_line' id='line_1_44' title="bbox 856 3767 2120 3847; baseline -0.003 -14"><span class='ocrx_word' id='word_1_158' title='bbox 856 3770 1111 3835; x_wconf 92' lang='lat' dir='ltr'>mollior</span> <span class='ocrx_word' id='word_1_159' title='bbox 1151 3789 1273 3833; x_wconf 92' lang='lat' dir='ltr'>nec</span> <span class='ocrx_word' id='word_1_160' title='bbox 1315 3774 1383 3833; x_wconf 91' lang='lat' dir='ltr'>te</span> <span class='ocrx_word' id='word_1_161' title='bbox 1427 3768 1655 3833; x_wconf 89' lang='lat' dir='ltr'>feriam</span> <span class='ocrx_word' id='word_1_162' title='bbox 1698 3788 1906 3847; x_wconf 89' lang='lat' dir='ltr'>neque</span> <span class='ocrx_word' id='word_1_163' title='bbox 1949 3767 2120 3829; x_wconf 87' lang='lat' dir='ltr'>intra</span> 
     </span>
     <span class='ocr_line' id='line_1_45' title="bbox 1030 3852 1607 3920; baseline -0.007 -1"><span class='ocrx_word' id='word_1_164' title='bbox 1030 3854 1312 3920; x_wconf 81' lang='lat' dir='ltr'>claustra</span> <span class='ocrx_word' id='word_1_165' title='bbox 1354 3852 1607 3918; x_wconf 80' lang='lat' dir='ltr'>tenebo,</span> 
     </span>
    </p>
   </div>
  </div>
 </body>
</html>
