<?xml version="1.0" encoding="UTF-8"?>
<!DOCTYPE html PUBLIC "-//W3C//DTD XHTML 1.0 Transitional//EN"
    "http://www.w3.org/TR/xhtml1/DTD/xhtml1-transitional.dtd">
<html xmlns="http://www.w3.org/1999/xhtml" xml:lang="en" lang="en">
 <head>
  <title>
</title>
<meta http-equiv="Content-Type" content="text/html;charset=utf-8" />
  <meta name='ocr-system' content='tesseract 3.04.00' />
  <meta name='ocr-capabilities' content='ocr_page ocr_carea ocr_par ocr_line ocrx_word'/>
</head>
<body>
  <div class='ocr_page' id='page_1' title='image "./qhoratiiflaccic00petsgoog_0100.png"; bbox 0 0 2784 4319; ppageno 0'>
   <div class='ocr_carea' id='block_1_1' title="bbox 336 219 1820 280">
    <p class='ocr_par' dir='ltr' id='par_1_1' title="bbox 336 219 1820 280">
     <span class='ocr_line' id='line_1_1' title="bbox 336 219 1820 280; baseline 0.003 -13"><span class='ocrx_word' id='word_1_1' title='bbox 336 219 421 280; x_wconf 79' lang='lat'>68</span> <span class='ocrx_word' id='word_1_2' title='bbox 1125 222 1400 270; x_wconf 78' lang='lat' dir='ltr'><strong>HORATI</strong></span> <span class='ocrx_word' id='word_1_3' title='bbox 1438 223 1820 272; x_wconf 79' lang='lat' dir='ltr'><strong>GARMINUM</strong></span> 
     </span>
    </p>
   </div>
   <div class='ocr_carea' id='block_1_2' title="bbox 231 355 2221 694">
    <p class='ocr_par' dir='ltr' id='par_1_2' title="bbox 231 355 2221 694">
     <span class='ocr_line' id='line_1_2' title="bbox 641 355 1466 435; baseline 0.001 -17"><span class='ocrx_word' id='word_1_4' title='bbox 641 355 870 419; x_wconf 88' lang='lat' dir='ltr'>summi</span> <span class='ocrx_word' id='word_1_5' title='bbox 916 357 1250 419; x_wconf 79' lang='lat' dir='ltr'>materiem</span> <span class='ocrx_word' id='word_1_6' title='bbox 1294 357 1466 435; x_wconf 85' lang='lat' dir='ltr'>mali,</span> 
     </span>
     <span class='ocr_line' id='line_1_3' title="bbox 231 443 2176 527; baseline 0.004 -26"><span class='ocrx_word' id='word_1_7' title='bbox 231 444 313 496; x_wconf 85' lang='lat'>50</span> <span class='ocrx_word' id='word_1_8' title='bbox 814 443 1161 520; x_wconf 74' lang='grc' dir='ltr'>111111οω110,</span> <span class='ocrx_word' id='word_1_9' title='bbox 1208 443 1521 506; x_wconf 87' lang='lat' dir='ltr'>scelerum</span> <span class='ocrx_word' id='word_1_10' title='bbox 1566 446 1619 506; x_wconf 88' lang='lat' dir='ltr'>si</span> <span class='ocrx_word' id='word_1_11' title='bbox 1663 445 1828 508; x_wconf 90' lang='lat' dir='ltr'>bene</span> <span class='ocrx_word' id='word_1_12' title='bbox 1871 447 2176 527; x_wconf 85' lang='lat' dir='ltr'>paenitet.</span> 
     </span>
     <span class='ocr_line' id='line_1_4' title="bbox 274 492 1328 608; baseline 0.003 -19"><span class='ocrx_word' id='word_1_13' title='bbox 274 541 283 546; x_wconf 80' lang='grc'>’</span> <span class='ocrx_word' id='word_1_14' title='bbox 642 527 968 590; x_wconf 86' lang='lat' dir='ltr'>eradenda</span> <span class='ocrx_word' id='word_1_15' title='bbox 1014 492 1328 608; x_wconf 83' lang='lat' dir='ltr'>cupidinis</span> 
     </span>
     <span class='ocr_line' id='line_1_5' title="bbox 811 614 2221 694; baseline 0.004 -19"><span class='ocrx_word' id='word_1_16' title='bbox 811 614 991 694; x_wconf 84' lang='lat' dir='ltr'>pravi</span> <span class='ocrx_word' id='word_1_17' title='bbox 1037 619 1185 676; x_wconf 87' lang='lat' dir='ltr'>sunt</span> <span class='ocrx_word' id='word_1_18' title='bbox 1230 614 1564 694; x_wconf 79' lang='lat' dir='ltr'>elementa,</span> <span class='ocrx_word' id='word_1_19' title='bbox 1614 621 1680 679; x_wconf 83' lang='lat' dir='ltr'>et</span> <span class='ocrx_word' id='word_1_20' title='bbox 1724 622 1984 680; x_wconf 82' lang='lat' dir='ltr'>tenerae</span> <span class='ocrx_word' id='word_1_21' title='bbox 2030 617 2221 680; x_wconf 86' lang='lat' dir='ltr'>nimis</span> 
     </span>
    </p>
   </div>
   <div class='ocr_carea' id='block_1_3' title="bbox 230 733 2158 1072">
    <p class='ocr_par' dir='ltr' id='par_1_3' title="bbox 230 733 2158 1072">
     <span class='ocr_line' id='line_1_6' title="bbox 640 733 1364 813; baseline 0 -17"><span class='ocrx_word' id='word_1_22' title='bbox 640 738 888 796; x_wconf 78' lang='lat' dir='ltr'>mentes</span> <span class='ocrx_word' id='word_1_23' title='bbox 934 733 1364 813; x_wconf 82' lang='lat' dir='ltr'>asperioribus</span> 
     </span>
     <span class='ocr_line' id='line_1_7' title="bbox 810 817 2158 901; baseline 0.003 -20"><span class='ocrx_word' id='word_1_24' title='bbox 810 817 1182 882; x_wconf 85' lang='lat' dir='ltr'>formandae</span> <span class='ocrx_word' id='word_1_25' title='bbox 1228 819 1473 882; x_wconf 88' lang='lat' dir='ltr'>studiis.</span> <span class='ocrx_word' id='word_1_26' title='bbox 1519 821 1726 883; x_wconf 88' lang='lat' dir='ltr'>nescit</span> <span class='ocrx_word' id='word_1_27' title='bbox 1769 841 1934 901; x_wconf 89' lang='lat' dir='ltr'>equo</span> <span class='ocrx_word' id='word_1_28' title='bbox 1979 821 2158 885; x_wconf 85' lang='lat' dir='ltr'>rudis</span> 
     </span>
     <span class='ocr_line' id='line_1_8' title="bbox 230 902 1466 985; baseline 0.001 -20"><span class='ocrx_word' id='word_1_29' title='bbox 230 907 310 960; x_wconf 83' lang='lat'>55</span> <span class='ocrx_word' id='word_1_30' title='bbox 638 902 906 968; x_wconf 87' lang='lat' dir='ltr'>haerere</span> <span class='ocrx_word' id='word_1_31' title='bbox 952 906 1259 985; x_wconf 88' lang='lat' dir='ltr'>ingenuus</span> <span class='ocrx_word' id='word_1_32' title='bbox 1304 927 1466 985; x_wconf 88' lang='lat' dir='ltr'>puer</span> 
     </span>
     <span class='ocr_line' id='line_1_9' title="bbox 809 991 1980 1072; baseline 0.003 -21"><span class='ocrx_word' id='word_1_33' title='bbox 809 991 1151 1070; x_wconf 84' lang='lat' dir='ltr'>venarique</span> <span class='ocrx_word' id='word_1_34' title='bbox 1196 991 1400 1066; x_wconf 68' lang='grc'>1111101,</span> <span class='ocrx_word' id='word_1_35' title='bbox 1445 991 1666 1054; x_wconf 89' lang='grc'>111(101·0</span> <span class='ocrx_word' id='word_1_36' title='bbox 1713 991 1980 1072; x_wconf 80' lang='lat' dir='ltr'>doctior,</span> 
     </span>
    </p>
   </div>
   <div class='ocr_carea' id='block_1_4' title="bbox 226 1109 2177 1450">
    <p class='ocr_par' dir='ltr' id='par_1_4' title="bbox 226 1109 2177 1450">
     <span class='ocr_line' id='line_1_10' title="bbox 640 1109 1604 1188; baseline -0.001 -15"><span class='ocrx_word' id='word_1_37' title='bbox 640 1131 755 1174; x_wconf 87' lang='lat' dir='ltr'>seu</span> <span class='ocrx_word' id='word_1_38' title='bbox 800 1109 1046 1173; x_wconf 87' lang='lat' dir='ltr'>Graeco</span> <span class='ocrx_word' id='word_1_39' title='bbox 1090 1110 1314 1173; x_wconf 87' lang='lat' dir='ltr'>iubeas</span> <span class='ocrx_word' id='word_1_40' title='bbox 1360 1111 1604 1188; x_wconf 76' lang='lat' dir='ltr'>troehO,</span> 
     </span>
     <span class='ocr_line' id='line_1_11' title="bbox 810 1195 1895 1276; baseline 0.005 -17"><span class='ocrx_word' id='word_1_41' title='bbox 810 1215 923 1260; x_wconf 92' lang='lat' dir='ltr'>seu</span> <span class='ocrx_word' id='word_1_42' title='bbox 965 1195 1151 1259; x_wconf 91' lang='lat' dir='ltr'>malis</span> <span class='ocrx_word' id='word_1_43' title='bbox 1194 1197 1395 1258; x_wconf 81' lang='lat' dir='ltr'>vetita</span> <span class='ocrx_word' id='word_1_44' title='bbox 1437 1196 1684 1276; x_wconf 87' lang='lat' dir='ltr'>legibus</span> <span class='ocrx_word' id='word_1_45' title='bbox 1731 1196 1895 1276; x_wconf 84' lang='lat' dir='ltr'>alea,</span> 
     </span>
     <span class='ocr_line' id='line_1_12' title="bbox 640 1279 1537 1363; baseline -0.001 -19"><span class='ocrx_word' id='word_1_46' title='bbox 640 1301 785 1344; x_wconf 92' lang='lat' dir='ltr'>cum</span> <span class='ocrx_word' id='word_1_47' title='bbox 828 1283 1085 1363; x_wconf 83' lang='lat' dir='ltr'>periura</span> <span class='ocrx_word' id='word_1_48' title='bbox 1129 1282 1333 1362; x_wconf 87' lang='lat' dir='ltr'>patris</span> <span class='ocrx_word' id='word_1_49' title='bbox 1376 1279 1537 1344; x_wconf 83' lang='lat' dir='ltr'>fides</span> 
     </span>
     <span class='ocr_line' id='line_1_13' title="bbox 226 1367 2177 1450; baseline 0.003 -21"><span class='ocrx_word' id='word_1_50' title='bbox 226 1370 309 1422; x_wconf 85' lang='grc'>60</span> <span class='ocrx_word' id='word_1_51' title='bbox 809 1373 1171 1430; x_wconf 80' lang='lat' dir='ltr'>consortem</span> <span class='ocrx_word' id='word_1_52' title='bbox 1214 1367 1457 1430; x_wconf 91' lang='lat' dir='ltr'>socium</span> <span class='ocrx_word' id='word_1_53' title='bbox 1503 1367 1686 1431; x_wconf 86' lang='lat' dir='ltr'>fallat</span> <span class='ocrx_word' id='word_1_54' title='bbox 1730 1373 1795 1430; x_wconf 91' lang='lat' dir='ltr'>et</span> <span class='ocrx_word' id='word_1_55' title='bbox 1838 1368 2177 1450; x_wconf 80' lang='lat' dir='ltr'>hospitem,</span> 
     </span>
    </p>
   </div>
   <div class='ocr_carea' id='block_1_5' title="bbox 635 1486 2176 1825">
    <p class='ocr_par' dir='ltr' id='par_1_5' title="bbox 635 1486 1405 1569">
     <span class='ocr_line' id='line_1_14' title="bbox 635 1486 1405 1569; baseline -0.003 -19"><span class='ocrx_word' id='word_1_56' title='bbox 635 1486 1021 1569; x_wconf 89' lang='lat' dir='ltr'>indignoque</span> <span class='ocrx_word' id='word_1_57' title='bbox 1066 1487 1405 1568; x_wconf 90' lang='lat' dir='ltr'>pecuniam</span> 
     </span>
    </p>

    <p class='ocr_par' dir='ltr' id='par_1_6' title="bbox 637 1571 2034 1723">
     <span class='ocr_line' id='line_1_15' title="bbox 806 1571 2034 1654; baseline 0.002 -19"><span class='ocrx_word' id='word_1_58' title='bbox 806 1572 1030 1637; x_wconf 89' lang='lat' dir='ltr'>heredi</span> <span class='ocrx_word' id='word_1_59' title='bbox 1072 1578 1391 1653; x_wconf 83' lang='lat' dir='ltr'>properet.</span> <span class='ocrx_word' id='word_1_60' title='bbox 1439 1571 1684 1637; x_wconf 90' lang='lat' dir='ltr'>scilicet</span> <span class='ocrx_word' id='word_1_61' title='bbox 1725 1573 2034 1654; x_wconf 82' lang='lat' dir='ltr'>inprobae</span> 
     </span>
     <span class='ocr_line' id='line_1_16' title="bbox 637 1653 1531 1723; baseline -0.003 0"><span class='ocrx_word' id='word_1_62' title='bbox 637 1656 934 1723; x_wconf 87' lang='lat' dir='ltr'>crescunt</span> <span class='ocrx_word' id='word_1_63' title='bbox 954 1653 1267 1722; x_wconf 85' lang='lat' dir='ltr'>divitiae:</span> <span class='ocrx_word' id='word_1_64' title='bbox 1313 1663 1531 1720; x_wconf 90' lang='lat' dir='ltr'>tamen</span> 
     </span>
    </p>

    <p class='ocr_par' dir='ltr' id='par_1_7' title="bbox 809 1744 2176 1825">
     <span class='ocr_line' id='line_1_17' title="bbox 809 1744 2176 1825; baseline 0.001 -17"><span class='ocrx_word' id='word_1_65' title='bbox 809 1749 1028 1808; x_wconf 88' lang='lat' dir='ltr'>curtae</span> <span class='ocrx_word' id='word_1_66' title='bbox 1072 1744 1287 1807; x_wconf 88' lang='lat' dir='ltr'>nescio</span> <span class='ocrx_word' id='word_1_67' title='bbox 1336 1744 1489 1824; x_wconf 89' lang='lat' dir='ltr'>quid</span> <span class='ocrx_word' id='word_1_68' title='bbox 1535 1764 1790 1825; x_wconf 90' lang='lat' dir='ltr'>semper</span> <span class='ocrx_word' id='word_1_69' title='bbox 1833 1744 2018 1808; x_wconf 89' lang='lat' dir='ltr'>abest</span> <span class='ocrx_word' id='word_1_70' title='bbox 2061 1745 2176 1809; x_wconf 90' lang='lat' dir='ltr'>rei.</span> 
     </span>
    </p>
   </div>
   <div class='ocr_carea' id='block_1_6' title="bbox 1341 1881 1590 1954">
    <p class='ocr_par' dir='ltr' id='par_1_8' title="bbox 1341 1881 1590 1954">
     <span class='ocr_line' id='line_1_18' title="bbox 1341 1881 1590 1954; baseline 0.016 -3"><span class='ocrx_word' id='word_1_71' title='bbox 1341 1881 1590 1954; x_wconf 82' lang='lat' dir='ltr'>XXV.</span> 
     </span>
    </p>
   </div>
   <div class='ocr_carea' id='block_1_7' title="bbox 525 1999 2448 2339">
    <p class='ocr_par' dir='ltr' id='par_1_9' title="bbox 529 1999 1532 2080">
     <span class='ocr_line' id='line_1_19' title="bbox 529 1999 1532 2080; baseline -0.009 -11"><span class='ocrx_word' id='word_1_72' title='bbox 529 2003 669 2080; x_wconf 83' lang='lat' dir='ltr'>Quo</span> <span class='ocrx_word' id='word_1_73' title='bbox 711 2022 837 2080; x_wconf 90' lang='lat' dir='ltr'>me,</span> <span class='ocrx_word' id='word_1_74' title='bbox 880 1999 1152 2078; x_wconf 86' lang='lat' dir='ltr'>Bacche,</span> <span class='ocrx_word' id='word_1_75' title='bbox 1198 2001 1369 2080; x_wconf 83' lang='lat' dir='ltr'>rapis</span> <span class='ocrx_word' id='word_1_76' title='bbox 1417 2001 1532 2062; x_wconf 82' lang='grc'>1111</span> 
     </span>
    </p>

    <p class='ocr_par' dir='ltr' id='par_1_10' title="bbox 525 2087 2448 2251">
     <span class='ocr_line' id='line_1_20' title="bbox 700 2087 2448 2172; baseline 0.001 -21"><span class='ocrx_word' id='word_1_77' title='bbox 700 2087 1003 2171; x_wconf 70' lang='lat' dir='ltr'>plenum?</span> <span class='ocrx_word' id='word_1_78' title='bbox 1041 2106 1205 2168; x_wconf 86' lang='lat' dir='ltr'>quae</span> <span class='ocrx_word' id='word_1_79' title='bbox 1248 2105 1514 2148; x_wconf 87' lang='lat' dir='ltr'>nemora</span> <span class='ocrx_word' id='word_1_80' title='bbox 1550 2090 1663 2148; x_wconf 87' lang='lat' dir='ltr'>aut</span> <span class='ocrx_word' id='word_1_81' title='bbox 1707 2105 1866 2168; x_wconf 86' lang='lat' dir='ltr'>quos</span> <span class='ocrx_word' id='word_1_82' title='bbox 1905 2106 2062 2171; x_wconf 88' lang='lat' dir='ltr'>agor</span> <span class='ocrx_word' id='word_1_83' title='bbox 2103 2087 2172 2150; x_wconf 90' lang='lat' dir='ltr'>in</span> <span class='ocrx_word' id='word_1_84' title='bbox 2217 2110 2448 2172; x_wconf 89' lang='lat' dir='ltr'>specus</span> 
     </span>
     <span class='ocr_line' id='line_1_21' title="bbox 525 2171 1502 2251; baseline -0.007 -9"><span class='ocrx_word' id='word_1_85' title='bbox 525 2176 715 2242; x_wconf 76' lang='lat' dir='ltr'>velox</span> <span class='ocrx_word' id='word_1_86' title='bbox 758 2178 972 2248; x_wconf 82' lang='lat' dir='ltr'>mente</span> <span class='ocrx_word' id='word_1_87' title='bbox 1015 2172 1227 2235; x_wconf 79' lang='lat' dir='ltr'>nova?</span> <span class='ocrx_word' id='word_1_88' title='bbox 1272 2171 1502 2251; x_wconf 80' lang='lat' dir='ltr'>quibus</span> 
     </span>
    </p>

    <p class='ocr_par' dir='ltr' id='par_1_11' title="bbox 701 2255 1800 2339">
     <span class='ocr_line' id='line_1_22' title="bbox 701 2255 1800 2339; baseline -0.004 -14"><span class='ocrx_word' id='word_1_89' title='bbox 701 2261 903 2325; x_wconf 84' lang='lat' dir='ltr'>antris</span> <span class='ocrx_word' id='word_1_90' title='bbox 948 2258 1187 2339; x_wconf 86' lang='lat' dir='ltr'>egregii</span> <span class='ocrx_word' id='word_1_91' title='bbox 1233 2255 1526 2320; x_wconf 84' lang='lat' dir='ltr'>Caesaris</span> <span class='ocrx_word' id='word_1_92' title='bbox 1573 2256 1800 2321; x_wconf 86' lang='lat' dir='ltr'>audiar</span> 
     </span>
    </p>
   </div>
   <div class='ocr_carea' id='block_1_8' title="bbox 266 2377 2078 2718">
    <p class='ocr_par' dir='ltr' id='par_1_12' title="bbox 266 2377 2078 2718">
     <span class='ocr_line' id='line_1_23' title="bbox 266 2377 1469 2447; baseline -0.008 2"><span class='ocrx_word' id='word_1_93' title='bbox 266 2381 302 2433; x_wconf 88' lang='lat'><strong>5</strong></span> <span class='ocrx_word' id='word_1_94' title='bbox 527 2387 863 2447; x_wconf 84' lang='lat' dir='ltr'>aeternum</span> <span class='ocrx_word' id='word_1_95' title='bbox 906 2378 1226 2444; x_wconf 86' lang='lat' dir='ltr'>meditans</span> <span class='ocrx_word' id='word_1_96' title='bbox 1274 2377 1469 2440; x_wconf 86' lang='lat' dir='ltr'>decus</span> 
     </span>
     <span class='ocr_line' id='line_1_24' title="bbox 699 2461 1956 2543; baseline -0.003 -12"><span class='ocrx_word' id='word_1_97' title='bbox 699 2464 904 2531; x_wconf 90' lang='lat' dir='ltr'>stellis</span> <span class='ocrx_word' id='word_1_98' title='bbox 948 2465 1229 2525; x_wconf 89' lang='lat' dir='ltr'>inserere</span> <span class='ocrx_word' id='word_1_99' title='bbox 1276 2468 1341 2526; x_wconf 92' lang='lat' dir='ltr'>et</span> <span class='ocrx_word' id='word_1_100' title='bbox 1386 2461 1650 2527; x_wconf 88' lang='lat' dir='ltr'>consilio</span> <span class='ocrx_word' id='word_1_101' title='bbox 1694 2462 1910 2527; x_wconf 75' lang='lat' dir='ltr'>Iovis?</span> <span class='ocrx_word' id='word_1_102' title='bbox 1949 2539 1956 2543; x_wconf 36' lang='lat'><em>‚</em></span> 
     </span>
     <span class='ocr_line' id='line_1_25' title="bbox 526 2548 1598 2630; baseline -0.004 -13"><span class='ocrx_word' id='word_1_103' title='bbox 526 2552 741 2617; x_wconf 89' lang='lat' dir='ltr'>dicam</span> <span class='ocrx_word' id='word_1_104' title='bbox 783 2551 1051 2630; x_wconf 83' lang='lat' dir='ltr'>insigne,</span> <span class='ocrx_word' id='word_1_105' title='bbox 1096 2568 1339 2629; x_wconf 83' lang='lat' dir='ltr'>recenS,</span> <span class='ocrx_word' id='word_1_106' title='bbox 1386 2548 1598 2613; x_wconf 85' lang='lat' dir='ltr'>adhuc</span> 
     </span>
     <span class='ocr_line' id='line_1_26' title="bbox 698 2634 2078 2718; baseline 0.001 -19"><span class='ocrx_word' id='word_1_107' title='bbox 698 2637 1011 2700; x_wconf 84' lang='lat' dir='ltr'>indictum</span> <span class='ocrx_word' id='word_1_108' title='bbox 1055 2654 1165 2698; x_wconf 90' lang='lat' dir='ltr'>ore</span> <span class='ocrx_word' id='word_1_109' title='bbox 1212 2634 1357 2698; x_wconf 79' lang='lat' dir='ltr'>alio,</span> <span class='ocrx_word' id='word_1_110' title='bbox 1403 2655 1533 2699; x_wconf 91' lang='lat' dir='ltr'>non</span> <span class='ocrx_word' id='word_1_111' title='bbox 1576 2655 1760 2701; x_wconf 88' lang='lat' dir='ltr'>secus</span> <span class='ocrx_word' id='word_1_112' title='bbox 1803 2635 1870 2699; x_wconf 90' lang='lat' dir='ltr'>in</span> <span class='ocrx_word' id='word_1_113' title='bbox 1914 2635 2078 2718; x_wconf 89' lang='lat' dir='ltr'>iugis</span> 
     </span>
    </p>
   </div>
   <div class='ocr_carea' id='block_1_9' title="bbox 220 2754 2101 2922">
    <p class='ocr_par' dir='ltr' id='par_1_13' title="bbox 220 2754 2101 2922">
     <span class='ocr_line' id='line_1_27' title="bbox 528 2754 1412 2836; baseline -0.006 -14"><span class='ocrx_word' id='word_1_114' title='bbox 528 2757 864 2822; x_wconf 88' lang='lat' dir='ltr'>exsomnis·</span> <span class='ocrx_word' id='word_1_115' title='bbox 894 2760 1112 2836; x_wconf 90' lang='lat' dir='ltr'>stupet</span> <span class='ocrx_word' id='word_1_116' title='bbox 1153 2754 1412 2833; x_wconf 78' lang='lat' dir='ltr'>Euhias,</span> 
     </span>
     <span class='ocr_line' id='line_1_28' title="bbox 220 2838 2101 2922; baseline -0.002 -16"><span class='ocrx_word' id='word_1_117' title='bbox 220 2845 300 2897; x_wconf 83' lang='lat'>10</span> <span class='ocrx_word' id='word_1_118' title='bbox 696 2842 981 2905; x_wconf 90' lang='lat' dir='ltr'>Hebrum</span> <span class='ocrx_word' id='word_1_119' title='bbox 1025 2842 1420 2922; x_wconf 87' lang='lat' dir='ltr'>prospiciens</span> <span class='ocrx_word' id='word_1_120' title='bbox 1467 2846 1534 2904; x_wconf 88' lang='lat' dir='ltr'>et</span> <span class='ocrx_word' id='word_1_121' title='bbox 1574 2840 1717 2904; x_wconf 84' lang='lat' dir='ltr'>nive</span> <span class='ocrx_word' id='word_1_122' title='bbox 1763 2838 2101 2904; x_wconf 87' lang='lat' dir='ltr'>candidam</span> 
     </span>
    </p>
   </div>
   <div class='ocr_carea' id='block_1_10' title="bbox 526 2926 2003 3093">
    <p class='ocr_par' dir='ltr' id='par_1_14' title="bbox 526 2926 2003 3093">
     <span class='ocr_line' id='line_1_29' title="bbox 526 2926 1470 3009; baseline -0.003 -18"><span class='ocrx_word' id='word_1_123' title='bbox 526 2928 819 2993; x_wconf 87' lang='lat' dir='ltr'>Thracen</span> <span class='ocrx_word' id='word_1_124' title='bbox 862 2947 940 2991; x_wconf 88' lang='lat' dir='ltr'>ac</span> <span class='ocrx_word' id='word_1_125' title='bbox 982 2927 1147 3009; x_wconf 88' lang='lat' dir='ltr'>pede</span> <span class='ocrx_word' id='word_1_126' title='bbox 1192 2926 1470 2990; x_wconf 84' lang='lat' dir='ltr'>barbaio</span> 
     </span>
     <span class='ocr_line' id='line_1_30' title="bbox 698 3010 2003 3093; baseline -0.004 -15"><span class='ocrx_word' id='word_1_127' title='bbox 698 3014 1040 3078; x_wconf 88' lang='lat' dir='ltr'>lustratam</span> <span class='ocrx_word' id='word_1_128' title='bbox 1082 3012 1458 3093; x_wconf 84' lang='lat' dir='ltr'>Rhodopen,</span> <span class='ocrx_word' id='word_1_129' title='bbox 1502 3017 1578 3075; x_wconf 87' lang='lat' dir='ltr'>ut</span> <span class='ocrx_word' id='word_1_130' title='bbox 1619 3010 1775 3075; x_wconf 85' lang='lat' dir='ltr'>mihi</span> <span class='ocrx_word' id='word_1_131' title='bbox 1821 3011 2003 3074; x_wconf 79' lang='lat' dir='ltr'>devio</span> 
     </span>
    </p>
   </div>
   <div class='ocr_carea' id='block_1_11' title="bbox 220 3134 1970 3473">
    <p class='ocr_par' dir='ltr' id='par_1_15' title="bbox 220 3134 1970 3473">
     <span class='ocr_line' id='line_1_31' title="bbox 520 3134 1465 3217; baseline -0.007 -17"><span class='ocrx_word' id='word_1_132' title='bbox 520 3134 698 3217; x_wconf 87' lang='lat' dir='ltr'>ripas</span> <span class='ocrx_word' id='word_1_133' title='bbox 743 3138 812 3198; x_wconf 90' lang='lat' dir='ltr'>et</span> <span class='ocrx_word' id='word_1_134' title='bbox 852 3154 1123 3197; x_wconf 83' lang='lat' dir='ltr'>vacuum</span> <span class='ocrx_word' id='word_1_135' title='bbox 1165 3152 1388 3196; x_wconf 91' lang='lat' dir='ltr'>nemus</span> <span class='ocrx_word' id='word_1_136' title='bbox 1459 3142 1465 3153; x_wconf 89' lang='lat'><em>&#39;</em></span> 
     </span>
     <span class='ocr_line' id='line_1_32' title="bbox 692 3216 1910 3299; baseline -0.003 -16"><span class='ocrx_word' id='word_1_137' title='bbox 692 3221 911 3283; x_wconf 88' lang='lat' dir='ltr'>mirari</span> <span class='ocrx_word' id='word_1_138' title='bbox 952 3219 1129 3283; x_wconf 84' lang='lat' dir='ltr'>libet.</span> <span class='ocrx_word' id='word_1_139' title='bbox 1175 3238 1211 3280; x_wconf 93' lang='lat' dir='ltr'>o</span> <span class='ocrx_word' id='word_1_140' title='bbox 1256 3216 1576 3280; x_wconf 86' lang='lat' dir='ltr'>Naiadum</span> <span class='ocrx_word' id='word_1_141' title='bbox 1617 3221 1847 3299; x_wconf 86' lang='lat' dir='ltr'>potens</span> <span class='ocrx_word' id='word_1_142' title='bbox 1907 3240 1910 3243; x_wconf 49' lang='lat'><strong>⁴</strong></span> 
     </span>
     <span class='ocr_line' id='line_1_33' title="bbox 220 3304 1437 3386; baseline -0.006 -16"><span class='ocrx_word' id='word_1_143' title='bbox 220 3308 298 3363; x_wconf 88' lang='lat'>15</span> <span class='ocrx_word' id='word_1_144' title='bbox 522 3304 1046 3386; x_wconf 87' lang='lat' dir='ltr'>Baccharumque</span> <span class='ocrx_word' id='word_1_145' title='bbox 1090 3304 1437 3366; x_wconf 85' lang='lat' dir='ltr'>valentium</span> 
     </span>
     <span class='ocr_line' id='line_1_34' title="bbox 692 3386 1970 3473; baseline -0.002 -18"><span class='ocrx_word' id='word_1_146' title='bbox 692 3412 996 3473; x_wconf 86' lang='lat' dir='ltr'>proceras</span> <span class='ocrx_word' id='word_1_147' title='bbox 1038 3388 1331 3453; x_wconf 80' lang='lat' dir='ltr'>manibus</span> <span class='ocrx_word' id='word_1_148' title='bbox 1376 3393 1626 3452; x_wconf 86' lang='lat' dir='ltr'>vertere</span> <span class='ocrx_word' id='word_1_149' title='bbox 1670 3386 1970 3468; x_wconf 45' lang='lat' dir='ltr'>fraxino&amp;</span> 
     </span>
    </p>
   </div>
   <div class='ocr_carea' id='block_1_12' title="bbox 214 3508 2172 3849">
    <p class='ocr_par' dir='ltr' id='par_1_16' title="bbox 214 3508 2172 3849">
     <span class='ocr_line' id='line_1_35' title="bbox 518 3508 1602 3594; baseline -0.007 -17"><span class='ocrx_word' id='word_1_150' title='bbox 518 3511 610 3577; x_wconf 84' lang='lat' dir='ltr'>nil</span> <span class='ocrx_word' id='word_1_151' title='bbox 651 3532 923 3594; x_wconf 85' lang='lat' dir='ltr'>parvum</span> <span class='ocrx_word' id='word_1_152' title='bbox 965 3515 1078 3573; x_wconf 90' lang='lat' dir='ltr'>aut</span> <span class='ocrx_word' id='word_1_153' title='bbox 1120 3508 1345 3571; x_wconf 85' lang='lat' dir='ltr'>humili</span> <span class='ocrx_word' id='word_1_154' title='bbox 1389 3508 1602 3587; x_wconf 87' lang='lat' dir='ltr'>modo,</span> 
     </span>
     <span class='ocr_line' id='line_1_36' title="bbox 688 3592 2172 3675; baseline -0.002 -15"><span class='ocrx_word' id='word_1_155' title='bbox 688 3597 783 3660; x_wconf 85' lang='lat' dir='ltr'>nil</span> <span class='ocrx_word' id='word_1_156' title='bbox 824 3594 1096 3659; x_wconf 91' lang='lat' dir='ltr'>mortale</span> <span class='ocrx_word' id='word_1_157' title='bbox 1139 3593 1382 3675; x_wconf 90' lang='lat' dir='ltr'>loquar.</span> <span class='ocrx_word' id='word_1_158' title='bbox 1430 3593 1617 3657; x_wconf 87' lang='lat' dir='ltr'>dulce</span> <span class='ocrx_word' id='word_1_159' title='bbox 1658 3592 2010 3675; x_wconf 89' lang='lat' dir='ltr'>periculum</span> <span class='ocrx_word' id='word_1_160' title='bbox 2055 3598 2172 3675; x_wconf 88' lang='lat' dir='ltr'>est,</span> 
     </span>
     <span class='ocr_line' id='line_1_37' title="bbox 521 3680 1341 3761; baseline -0.009 -13"><span class='ocrx_word' id='word_1_161' title='bbox 521 3704 558 3748; x_wconf 94' lang='grc'>0</span> <span class='ocrx_word' id='word_1_162' title='bbox 602 3682 879 3759; x_wconf 86' lang='lat' dir='ltr'>Lenaee,</span> <span class='ocrx_word' id='word_1_163' title='bbox 924 3680 1107 3761; x_wconf 81' lang='lat' dir='ltr'>sequi</span> <span class='ocrx_word' id='word_1_164' title='bbox 1152 3680 1341 3743; x_wconf 89' lang='lat' dir='ltr'>deum</span> 
     </span>
     <span class='ocr_line' id='line_1_38' title="bbox 214 3765 1985 3849; baseline 0 -22"><span class='ocrx_word' id='word_1_165' title='bbox 214 3773 295 3828; x_wconf 82' lang='lat'>20</span> <span class='ocrx_word' id='word_1_166' title='bbox 690 3768 1053 3849; x_wconf 87' lang='lat' dir='ltr'>cingentem</span> <span class='ocrx_word' id='word_1_167' title='bbox 1096 3765 1285 3829; x_wconf 82' lang='lat' dir='ltr'>viridi</span> <span class='ocrx_word' id='word_1_168' title='bbox 1328 3770 1621 3846; x_wconf 87' lang='lat' dir='ltr'>tempora</span> <span class='ocrx_word' id='word_1_169' title='bbox 1663 3766 1985 3847; x_wconf 81' lang='lat' dir='ltr'>pampino,</span> 
     </span>
    </p>
   </div>
  </div>
 </body>
</html>
