2784 4319
453 201 532 261 32

339 427 416 482 10

341 889 418 945 15

337 1349 418 1402 20

340 2823 418 2878 10

341 3283 420 3338 15

338 3746 417 3802 20

1241 199 1520 250 HORATI
1556 198 1778 249 CARMI
1787 201 1826 247 N
1836 201 1878 248 U
1884 201 1938 248 M

865 335 1372 417 praegestientis.
1418 334 1573 398 tolle
1622 335 1983 415 cupidinem

863 421 1106 484 inmitis
1149 441 1342 484 uvae:
1389 422 1519 484 iam
1563 421 1682 484 tibi
1725 420 1953 500 lividos

950 505 1301 588 distinguet
1343 511 1686 569 autumnus
1731 526 2019 570 racemos

1037 612 1360 674 purpureo
1408 593 1617 656 varius
1665 591 1896 656 colore.

860 712 992 775 iam
1035 717 1101 774 te
1148 716 1481 792 sequetur:
1528 712 1728 776 currit
1772 711 1939 774 enim
1984 709 2167 775 ferox

861 802 1044 862 aetas
1089 803 1156 861 et
1197 797 1311 876 illi,
1359 817 1519 878 quos
1563 797 1685 861 tibi
1728 795 2097 879 dempserit,

947 883 1230 965 adponet
1276 904 1507 946 annos:
1555 884 1683 946 iam
1726 889 2027 963 proterva

1032 970 1243 1034 fronte
1289 975 1470 1050 petet
1513 969 1752 1050 Lalage
1798 970 2119 1048 maritum,

858 1089 1117 1169 dilecta,
1164 1095 1475 1172 quantum
1518 1109 1647 1154 non
1690 1089 1929 1154 Pholoe
1976 1088 2189 1172 fugax,

857 1197 987 1239 non
1034 1173 1303 1254 Chloris,
1351 1175 1499 1238 albo
1546 1175 1638 1239 sic
1681 1195 1902 1238 umero
1949 1175 2180 1264 nitenS,

942 1267 1017 1326 ut
1060 1275 1222 1343 pura
1265 1266 1579 1324 nocturno
1624 1260 1875 1324 renidet

1029 1347 1184 1410 luna
1225 1348 1409 1424 mari,
1457 1345 1794 1410 Cnidiusve
1840 1346 2083 1429 Gyges:

856 1487 1050 1547 quem
1093 1467 1148 1530 si
1192 1466 1552 1546 puellarum
1595 1467 1909 1530 insereres
1955 1466 2171 1546 chore,

855 1553 1016 1615 mire
1063 1572 1326 1632 sagaces
1373 1552 1627 1616 falleret
1670 1552 1955 1633 hospites

944 1638 1287 1701 discrimen
1332 1637 1672 1702 obscurum
1716 1638 1943 1701 solutis

1031 1723 1310 1787 crinibus
1355 1723 1785 1806 ambiguoque
1830 1722 2023 1788 voltu.

1516 1862 1645 1936 VI.

857 1979 1144 2062 Septimi,
1193 1979 1407 2044 Gades
1453 1983 1703 2046 aditure
1748 2002 1999 2044 mecum
2043 1987 2110 2045 et

760 2106 765 2111 -
859 2065 1251 2131 Cantabrum
1295 2067 1621 2130 indoctum
1665 2067 1817 2148 iuga
1858 2066 2026 2141 ferre
2070 2070 2292 2131 nostra
2335 2071 2405 2132 et

755 2226 770 2239 ·
856 2151 1168 2219 barbaras
1215 2152 1452 2237 SyrteS,
1497 2154 1609 2221 ubi
1650 2152 1877 2218 Maura
1921 2174 2173 2235 semper

1031 2245 1285 2304 aestuat
1327 2241 1531 2303 unda:

856 2359 1054 2423 Tibur
1095 2360 1305 2442 Argeo
1349 2360 1629 2442 positum
1675 2360 1900 2425 colono

857 2447 942 2510 sit
985 2466 1166 2509 meae
1213 2446 1399 2510 sedes
1443 2447 1688 2510 utinam
1732 2451 2049 2525 senectae,

857 2533 944 2597 sit
986 2532 1212 2595 modus
1257 2531 1427 2596 lasso
1474 2533 1669 2596 maris
1715 2537 1782 2596 et
1825 2532 2069 2595 viarum

1027 2618 1439 2699 militiaeque.

851 2739 1025 2802 unde
1070 2739 1125 2802 si
1168 2737 1410 2801 Parcae
1455 2736 1797 2819 prohibent
1846 2737 2123 2817 iniquae,

856 2824 1042 2888 dulce
1086 2823 1326 2905 pellitis
1371 2824 1594 2888 ovibus
1639 2822 1898 2887 Galaesi

852 2908 1090 2975 flumen
1135 2914 1202 2973 et
1242 2914 1513 2991 regnata
1554 2914 1772 2991 petam
1814 2908 2054 2973 Laconi

1026 3016 1178 3059 rura
1221 2994 1597 3059 Phalantho.

854 3115 964 3179 ille
1007 3121 1324 3178 terrarum
1367 3114 1524 3177 mihi
1554 3120 1825 3196 praeter
1869 3133 2087 3177 omnes

855 3200 1124 3283 angulus
1167 3201 1354 3279 ridet,
1400 3201 1511 3264 ubi
1554 3221 1682 3264 non
1726 3200 2028 3282 Hymetto

854 3286 1048 3350 mella
1092 3287 1413 3350 decedunt
1454 3287 1766 3367 viridique
1812 3290 2018 3349 certat

1025 3372 1192 3436 baca
1232 3372 1531 3435 Venafro.

853 3513 964 3557 ver
1005 3493 1116 3555 ubi
1158 3492 1419 3573 longum
1462 3492 1839 3572 tepidasque
1882 3487 2153 3572 praebet

851 3577 1142 3659 Iuppiter
1182 3577 1462 3656 brumaS,
1510 3582 1575 3641 et
1619 3577 1859 3640 amicus
1903 3575 2111 3639 Aulon

851 3662 1049 3728 fertili
1093 3660 1347 3725 Baccho
1391 3661 1723 3725 minimum
1764 3661 2051 3725 Falernis

1022 3747 1266 3811 invidet
1314 3750 1468 3811 uviS.
