2784 4319
429 215 558 276 182·

327 1303 410 1356 10

325 1714 409 1788 1‘5

331 3196 409 3250 10

326 3623 410 3679 15

1176 211 1452 263 HORATI
1487 210 1694 263 EPIST
1704 212 1999 261 ULARUM

629 522 718 588 Ut
759 521 1274 606 proficiscentem
1318 524 1510 588 docui
1553 530 1620 587 te
1669 543 1864 605 saepe
1910 523 2167 605 diuque,

628 610 919 693 Augusto
965 609 1198 677 reddes
1243 610 1497 692 signata
1541 609 1887 689 volumina,
1934 608 2145 688 vinni,

630 696 685 761 si
730 694 997 773 validus,
1043 696 1097 759 si
1140 695 1350 760 laetus
1398 696 1539 775 erit,
1588 696 1643 759 si
1690 692 1979 777 denique
2011 702 2272 777 poscet3

630 802 713 845 ne
758 780 972 845 studio
1016 782 1220 845 nostri
1264 802 1493 864 pecces
1541 782 1890 864 odiumque
1934 780 2169 846 libellis

631 867 891 933 sedulus
936 869 1222 950 inportes
1267 888 1468 950 opera
1510 868 1891 933 vehemente
1933 868 2244 931 minister.

632 954 689 1019 si
732 959 798 1019 te
843 952 1010 1017 forte
1055 972 1238 1019 meae
1285 955 1495 1036 gravis
1539 960 1686 1019 uret
1732 955 1986 1018 sarcina
2029 953 2315 1033 chartae,

633 1040 874 1105 abicito
918 1040 1134 1122 potius
1180 1061 1392 1122 quam,
1440 1059 1566 1122 quo
1611 1040 1901 1123 perferre
1945 1040 2203 1119 iuberiS,

635 1124 909 1191 clitellas
953 1124 1126 1191 ferus
1169 1127 1467 1209 inpingas
1509 1126 1874 1209 Asinaeque
1919 1131 2260 1207 paternum

636 1232 990 1295 cognomen
1033 1217 1245 1277 vertas
1289 1214 1356 1276 in
1401 1214 1601 1291 risum
1646 1218 1713 1277 et
1756 1211 1977 1277 fabula
2018 1212 2155 1276 fias.

633 1298 875 1364 viribus
918 1299 1118 1363 uteris
1161 1319 1282 1381 per
1325 1298 1539 1372 clivos,
1585 1298 1866 1379 flumina,
1910 1298 2116 1364 lamas

632 1385 841 1449 victor
881 1385 1228 1467 propositi:
1276 1385 1467 1449 simul
1510 1405 1587 1449 ac
1630 1382 1998 1467 perveneris
2042 1384 2213 1462 illuc,

635 1471 728 1535 sic
772 1471 1054 1552 positum
1098 1470 1384 1536 servabis
1430 1490 1609 1552 onus,
1652 1492 1735 1535 ne
1778 1470 1948 1535 forte
1992 1471 2109 1535 sub
2155 1470 2260 1534 ala

633 1556 1009 1621 fasciculum
1052 1563 1272 1638 portes
1315 1556 1644 1635 librom,
1690 1562 1764 1620 ut
1806 1556 2081 1621 rusticus
2127 1576 2387 1638 agnum,

634 1647 708 1707 ut
750 1643 973 1707 vinosa
1017 1642 1267 1724 glomus
1311 1643 1583 1707 furtivae
1629 1642 1897 1727 Pyrrhia
1938 1642 2146 1722 lanae,

633 1733 708 1793 ut
752 1749 897 1793 cum
940 1728 1204 1811 pilleolo
1251 1729 1461 1793 soleas
1505 1729 1770 1793 conviva
1812 1727 2084 1793 tribulis.

632 1834 714 1878 ne
758 1814 944 1896 volgo
987 1836 1211 1880 narres
1254 1819 1321 1879 te
1363 1816 1694 1879 sudavisse
1738 1816 2003 1879 ferendo

634 1900 939 1980 carmina,
985 1920 1150 1982 quae
1194 1901 1447 1984 possint
1491 1900 1709 1965 oculos
1753 1922 2068 1983 auresque
2114 1902 2353 1965 morari

636 1984 964 2066 Caesaris;
1011 1991 1232 2051 oratus
1276 1986 1481 2051 multa
1525 2007 1739 2069 prece,
1782 1988 1989 2051 nitere
2033 2007 2244 2069 porr0.

631 2071 815 2153 vade,
860 2036 1051 2136 valet·
1081 2092 1236 2137 cave
1279 2092 1361 2137 ne
1408 2072 1649 2139 titubes
1694 2072 2125 2155 mandataque
2171 2073 2462 2157 frangas.

1466 2263 1671 2340 XIV.

581 2427 586 2431 ’
634 2415 839 2482 Vilice
883 2415 1190 2480 silvarum
1235 2421 1301 2482 et
1345 2417 1502 2481 mihi
1546 2438 1650 2482 me
1694 2379 2023 2482 reddentis
2066 2417 2280 2500 agelli,

637 2523 830 2586 quem
871 2507 946 2568 tu
987 2501 1242 2567 fastidis
1285 2501 1651 2567 habitatum
1694 2504 1973 2586 quinque
2016 2503 2176 2568 focis
2222 2509 2289 2568 et

635 2590 917 2673 quinque
962 2587 1170 2654 bonos
1212 2588 1473 2653 solitum
1515 2589 1778 2654 Variam
1824 2589 2144 2655 dimittere
2186 2596 2436 2671 patreS,

637 2679 977 2754 certemm,
1024 2675 1241 2756 spinas
1288 2676 1585 2741 animone
1632 2696 1749 2756 ego
1795 2675 2023 2740 fortius
2068 2697 2151 2740 an
2195 2681 2265 2740 tu

637 2761 875 2827 evellas
919 2781 1096 2844 agro,
1144 2766 1210 2823 et
1252 2761 1483 2825 melior
1524 2763 1609 2826 sit
1651 2761 1957 2826 Horatius
2000 2783 2085 2826 an
2128 2783 2249 2826 res,

636 2866 740 2912 me
785 2847 1074 2929 quamvis
1116 2845 1380 2911 Lamiae
1423 2847 1633 2928 pietas
1680 2852 1746 2912 et
1790 2868 1945 2912 cura
1987 2853 2294 2929 moratur,

635 2933 904 2998 fratrem
946 2933 1314 3013 maerentis,
1360 2938 1548 3015 rapto
1596 2933 1677 2998 de
1719 2933 1920 2998 fratre
1965 2933 2240 2998 dolentis

637 3018 1081 3098 insolabiliter,
1123 3023 1343 3083 tamen
1385 3019 1554 3083 istuc
1597 3041 1775 3084 mens
1820 3020 2193 3101 animusque

635 3106 764 3169 fert
807 3109 875 3170 et
917 3108 1094 3169 amat
1137 3105 1364 3187 spatiis
1410 3105 1737 3171 obstantia
1778 3126 2077 3188 rumpere
2123 3106 2426 3171 claustra.

637 3211 786 3290 rure
832 3211 953 3272 ego
995 3190 1332 3271 viventem,
1377 3196 1453 3255 tu
1497 3192 1658 3256 dicis
1702 3193 1769 3255 in
1812 3191 1971 3256 urbe
2016 3191 2310 3256 beatum.

639 3277 746 3341 cui
786 3271 1006 3358 placet
1048 3275 1335 3357 alterius,
1380 3298 1499 3342 3113
1540 3279 1843 3341 nimirum
1888 3284 1987 3342 est
2031 3279 2178 3342 odio
2226 3299 2381 3342 sors.

639 3361 873 3428 stultus
918 3367 1189 3444 uterque
1231 3363 1445 3427 locum
1489 3363 1857 3428 inmeritum
1901 3369 2203 3428 causatur
2244 3365 2493 3445 inique:

636 3449 706 3513 in
751 3447 940 3530 culpa
985 3453 1087 3513 est
1129 3449 1399 3528 3111111113,
1446 3449 1556 3530 qui
1600 3469 1669 3514 se
1713 3470 1842 3513 non
1888 3449 2111 3531 effugit
2151 3471 2473 3532 umquam.

640 3540 714 3599 tu
757 3534 1177 3599 mediastinus
1220 3535 1424 3599 tacita
1466 3555 1658 3617 prece
1701 3556 1855 3600 rura
1896 3536 2183 3618 petebas,

640 3641 811 3684 nunc
855 3620 1079 3686 urbem
1126 3625 1193 3684 et
1234 3619 1422 3684 ludos
1468 3626 1535 3684 et
1577 3620 1813 3685 balnea
1856 3621 2080 3687 vilicus
2127 3626 2343 3705 optas:

636 3727 743 3772 me
789 3711 1086 3770 constare
1129 3705 1288 3769 mihi
1331 3706 1458 3770 scis
1503 3710 1572 3770 et
1616 3706 1949 3772 discedere
1992 3709 2262 3786 tristem,

642 3792 1174 3875 quandocumque
1219 3791 1485 3854 trahunt
1527 3792 1731 3857 invisa
1774 3794 2032 3875 negotia
2076 3795 2363 3857 Romam.
