2784 4319
925 233 1061 284 LIB.
1096 231 1140 285 1.
1174 239 1434 282 XVI-nx
2267 235 2346 297 15

478 365 587 432 hic
627 367 985 432 innocentis
1029 367 1265 450 pocula
1303 367 1522 433 Lesbii

480 451 677 518 duces
720 453 839 519 sub
882 454 1129 533 umbra,
1174 474 1292 518 nec
1338 453 1688 520 Semeleius

568 558 713 604 cum
754 538 966 604 Marte
1011 538 1360 604 confundet
1402 539 1736 624 Thyoneus

652 625 921 706 proelia,
963 646 1085 690 nec
1127 630 1375 690 metues
1417 632 1782 708 protervum

482 749 782 824 suspecta
827 743 1078 828 Cyrum,
1123 765 1207 809 ne
1250 745 1420 809 male
1465 745 1708 828 dispari
2367 747 2446 805 25

480 827 949 895 incontinentes
993 831 1215 896 iniciat
1257 852 1484 896 manus

572 919 641 978 et
684 915 938 981 scindat
978 916 1352 980 haerentem
1397 937 1700 980 coronam

660 1001 940 1066 crinibus
984 1003 1474 1086 inmeritamque
1518 1009 1780 1067 vestem.

1054 1190 1242 1264 XVI
1252 1191 1343 1264 11.

154 1359 447 1442 Nullam,
490 1361 681 1442 Vare,
726 1383 912 1427 sacra
952 1363 1084 1426 vite
1125 1363 1303 1445 prius
1348 1362 1586 1427 severis
1629 1362 1932 1427 arborem

160 1447 347 1512 circa
387 1448 545 1512 mite
582 1446 797 1519 ,solum
840 1447 1095 1514 Tiburis
1139 1452 1208 1513 et
1249 1450 1506 1512 moenia
1551 1445 1774 1513 Catili:

160 1533 360 1598 siccis
403 1533 621 1598 omnia
660 1555 813 1598 nam
858 1533 1021 1598 dura
1064 1533 1223 1598 deus
1266 1534 1622 1616 proposuit,
1665 1554 1873 1616 neque

161 1617 509 1684 mordaces
552 1619 743 1684 aliter
786 1617 1127 1701 diffugiunt
1169 1619 1650 1684 sollicitudines.

160 1741 311 1822 quis
358 1744 509 1822 post
549 1740 701 1804 vina
742 1759 1000 1821 gravem
1042 1739 1341 1804 militiam
1384 1744 1500 1804 aut
1539 1741 1914 1822 pauperiem
1959 1741 2223 1822 crepat?
2409 1739 2449 1795 5

162 1827 311 1908 quis
359 1844 489 1891 non
530 1831 599 1890 te
643 1827 879 1907 potius,
921 1824 1176 1889 Bacche
1220 1831 1427 1907 pater,
1470 1831 1684 1906 teque,
1731 1827 1964 1890 decens
1987 1825 2244 1892 Venus?

166 1933 242 1976 ac
286 1931 375 1976 ne
420 1911 563 1993 quis
607 1910 846 1976 modici
888 1911 1210 1976 transiliat
1252 1932 1522 1976 munera
1563 1910 1797 1990 Liberi,
1843 1967 1858 1976 ,

167 1996 536 2062 Centaurea
578 2002 800 2062 monet
842 2016 989 2062 cum
1029 1995 1323 2080 Lapithis
1366 1999 1508 2061 rixa
1549 2017 1743 2079 super
1784 2017 1961 2060 mero

175 2115 519 2197 debellata,
565 2120 786 2183 monet
828 2114 1135 2183 Sithoniis
1178 2137 1310 2182 non
1351 2116 1509 2183 levis
1553 2115 1815 2196 Euhius,
2191 2151 2202 2158 ν

181 2224 315 2267 cum
358 2202 463 2269 fas
506 2208 703 2285 atque
746 2203 927 2268 nefas
973 2204 1200 2285 exiguo
1244 2202 1371 2267 fine
1416 2203 1750 2267 libidinum
2367 2208 2446 2263 10

174 2289 546 2355 discernunt
589 2290 775 2353 avidi.
822 2310 951 2353 non
997 2309 1115 2371 ego
1160 2295 1245 2369 te,
1293 2291 1565 2354 candide
1608 2289 1946 2369 Bassareu,

166 2376 441 2439 invitum
485 2376 791 2457 quatiam,
835 2395 956 2439 nec
999 2376 1193 2440 variis
1239 2375 1450 2440 obsita
1493 2375 1826 2439 frondibus

164 2495 288 2559 sub
336 2492 554 2559 divum
599 2495 867 2577 rapiam.
912 2515 1105 2559 saeva
1147 2500 1295 2559 tene
1342 2502 1487 2559 cu'm
1529 2494 1910 2577 Berecyntio

165 2600 375 2645 cornu
415 2584 741 2664 tympana,
786 2600 953 2663 quae
996 2580 1409 2664 subsequitur
1453 2601 1680 2645 caecus
1726 2600 1909 2645 amor
1951 2580 2068 2661 sui,

166 2670 233 2731 et
274 2664 516 2731 tollens
564 2686 831 2731 vacuum
871 2665 1019 2749 plus
1060 2667 1257 2729 nimio
1302 2666 1510 2749 gloria
1551 2668 1875 2746 verticem,
2368 2673 2449 2728 15

164 2752 521 2834 arcanique
565 2750 727 2817 fides
769 2752 1060 2834 prodiga,
1103 2750 1498 2833 perlucidior
1538 2754 1724 2817 vitr0.

1100 2941 1309 3015 XIX.

381 3124 593 3190 Mater
635 3146 826 3192 saeva
870 3126 1253 3208 Cupidinum

554 3211 1024 3293 ‘Thebanaeque
1068 3211 1249 3277 iubet
1288 3233 1394 3278 me
1439 3212 1730 3277 Semelae
1772 3230 1936 3294 puer

384 3303 453 3362 et
492 3298 732 3362 lasciva
772 3297 1066 3362 Licentia

553 3382 751 3449 finitis
795 3386 1078 3449 animum
1120 3383 1392 3449 reddere
1438 3384 1781 3449 amoribus,

385 3502 516 3565 urit
554 3523 659 3566 me
704 3501 1015 3586 Glycerae
1058 3504 1231 3566 nitor
1441 3552 1447 3557 .
2405 3506 2444 3565 5

556 3588 952 3669 splendentis
994 3588 1183 3652 Pario
1229 3608 1546 3652 marmore
1590 3587 1830 3671 purius,

388 3672 517 3737 urit
554 3678 743 3756 grata
785 3675 1171 3756 protervitas

557 3763 624 3823 et
663 3758 873 3824 voltus
917 3761 1182 3823 nimium
1224 3758 1508 3823 lubricus
1551 3758 1772 3841 aspici.
