2784 4319
1024 289 1156 340 [ΑΒ.
1189 285 1235 339 Ι.
1300 295 1506 338 v—vnx

337 431 565 509 aptum
608 424 783 490 dicet
823 425 1003 507 equis
1046 426 1251 508 Argos
1296 426 1588 507 ditesque
1633 425 1947 510 Mycenas,

511 532 617 576 me
658 531 779 576 nec
820 515 959 575 tam
1000 511 1252 593 patiens
1296 511 1743 576 Lacedaemon

336 617 461 664 nec
502 601 642 662 tam
680 595 943 662 Larisae
987 597 1304 680 percussit
1348 617 1610 680 campus
1655 599 1926 680 opimae,

513 703 707 766 quam
751 681 977 746 domus
1021 682 1349 747 Albuneae
1392 685 1753 748 resonantis

335 808 409 867 et
448 823 759 886 praeceps
802 803 967 868 Anio
1013 824 1090 868 ac
1134 803 1400 868 Tiburni
1440 802 1622 868 lucus
1665 809 1733 868 et
1776 803 1906 869 uda

511 888 854 953 mobilibus
897 890 1189 972 pomaria
1231 889 1402 954 rivis.

326 973 527 1040 'albus
568 980 644 1038 ut
685 974 957 1039 obscuro
1003 975 1295 1056 deterget
1336 973 1558 1040 nubila
1603 975 1780 1039 caelo

514 1080 707 1142 saepe
748 1059 953 1125 Notus
996 1079 1205 1142 neque
1246 1061 1528 1143 parturit
1569 1061 1806 1126 imbres

333 1186 674 1263 perpetuO,
721 1181 812 1244 sic
856 1186 928 1244 tu
972 1181 1227 1263 sapiens
1268 1179 1453 1245 finire
1498 1187 1818 1246 memento

514 1267 844 1330 tristitiam
887 1266 1183 1350 vitaeque
1226 1265 1482 1334 labores

332 1351 539 1432 molli,
582 1349 838 1430 Plance,
883 1372 1081 1431 mero,
1128 1373 1242 1417 seu
1285 1357 1351 1416 te
1400 1351 1710 1435 fulgentia
1753 1353 1948 1436 signis

516 1443 729 1502 castra
772 1443 997 1516 tenent
1038 1459 1153 1502 seu
1197 1437 1398 1503 densa
1441 1438 1687 1503 tenebit

333 1556 594 1622 Tiburis
639 1557 867 1622 umbra
908 1556 1022 1622 tui.
1067 1557 1312 1622 Teucer
1356 1555 1683 1622 Salamina
1724 1564 2101 1640 patremque

518 1664 663 1708 cum
705 1643 973 1726 fugeret,
1018 1649 1236 1708 tamen
1278 1643 1410 1708 uda
1450 1643 1662 1727 Lyaeo

336 1734 639 1812 tempora
679 1729 957 1811 populea
1000 1729 1205 1794 fertur
1244 1730 1520 1794 vinxisse
1567 1750 1820 1809 corona,

520 1815 612 1878 sic
654 1815 874 1880 tristes
918 1814 1173 1880 adfatus
1219 1816 1486 1880 amicos:

328 1935 489 2017 ‘quo
531 1953 649 1999 nos
694 1955 963 2016 cumque
1007 1934 1171 2000 feret
1212 1934 1442 2000 melior
1481 1933 1739 2000 fortuna
1781 1940 2066 2018 parente,

514 2020 764 2100 ibimus,
811 2041 849 2084 o
896 2022 1053 2086 socii
1097 2022 1518 2102 comitesque!

330 2105 433 2171 nil
479 2106 949 2189 desperandum
990 2105 1235 2171 Teucro
1281 2106 1444 2171 duce
1490 2113 1556 2173 et
1597 2107 1857 2191 auspice
1902 2105 2170 2173 Teucro:

517 2198 729 2258 certus
774 2194 942 2257 enim
984 2194 1280 2275 promisit
1318 2192 1551 2276 Apollo

330 2311 709 2395 ambiguam
750 2311 980 2377 tellure
1022 2333 1189 2377 nova
1233 2312 1560 2379 Salamina
1603 2313 1900 2379 futuram.

516 2417 556 2461 o
598 2396 799 2462 fortes
841 2398 1189 2497 peioraque
1231 2399 1408 2481 passi

334 2503 595 2549 mecum
638 2502 829 2566 saepe
872 2484 1010 2563 viri,
1054 2504 1225 2549 nunc
1266 2484 1413 2549 vino
1458 2484 1679 2566 pellite
1725 2505 1941 2550 curas:

516 2588 660 2635 cras
701 2569 925 2651 ingens
967 2569 1341 2635 iterabimus
1386 2570 1665 2652 aequor’.

1163 2707 1367 2783 VIII.

337 2826 565 2912 Lydia,
611 2824 735 2905 dic,
777 2846 896 2910 per
938 2846 1157 2893 omnes

516 2919 581 2977 te
626 2913 781 2977 deos
825 2932 959 2993 0r0,
1005 2911 1276 2996 Sybarin
1320 2934 1434 2979 cur
1475 2932 1780 2997 properes
1825 2912 2100 2978 amando

340 2998 639 3081 perdere,
685 3019 801 3062 cur
842 2999 1129 3080 apricum

517 3084 727 3149 oderit
769 3104 1083 3167 campum,
1126 3085 1379 3167 patiens
1423 3084 1699 3168 pulveris
1743 3089 1937 3167 atque
1981 3082 2151 3148 solis.

338 3224 463 3269 cur
501 3224 707 3286 neque
752 3204 1047 3268 militaris

516 3289 685 3353 inter
727 3289 1027 3371 aequales
1073 3290 1337 3370 equitat,
1384 3288 1634 3355 Gallica
1677 3309 1798 3357 nec
1839 3288 2076 3371 lupatis

344 3380 667 3456 temperat
708 3394 823 3439 ora
864 3373 1106 3438 frenis?

518 3481 633 3525 cur
671 3461 858 3523 timet
896 3458 1131 3524 flavum
1175 3458 1456 3523 Tiberim
1498 3460 1809 3542 tangere?
1852 3479 1965 3524 cur
2007 3457 2239 3523 olivum

344 3580 652 3661 sanguine
695 3580 980 3661 viperino

520 3664 766 3729 cautius
808 3665 969 3729 vitat
1010 3684 1217 3746 neque
1262 3664 1391 3727 iam
1433 3662 1632 3729 livida
1673 3668 1886 3747 gestat
1925 3662 2119 3728 armis

350 3748 669 3829 bracchia,
714 3769 907 3831 saepe
952 3750 1129 3815 disco

521 3854 711 3916 saepe
753 3840 933 3899 trans
974 3833 1167 3898 finem
1210 3832 1419 3897 iaculo
1464 3830 1698 3897 nobilis
1742 3830 2086 3915 expedito?

2433 519 2512 574 10

2431 980 2510 1035 15

2426 1473 2507 1532 20

2421 1933 2503 1990 25

2424 2396 2506 2453 30

2430 3660 2508 3715 10
