2784 4319
943 297 1078 346 LIB.
1115 296 1214 349 ΠΙ.
1249 305 1435 344 1—xn1
2252 299 2332 358 59
2410 253 2416 256 -

477 453 580 496 me
621 437 811 514 pater
853 431 1060 497 saevis
1102 436 1326 496 oneret
1369 433 1633 514 eatenis,
2354 437 2443 492 45

475 519 652 600 quod
691 519 828 582 viro
873 518 1150 582 clemens
1194 519 1428 582 misero
1472 519 1763 602 peperci3

473 623 577 667 me
621 603 722 667 vel
767 609 1086 668 extremos
1116 603 1551 668 Numidarum
1591 605 1659 668 in
1703 625 1891 686 agros

647 690 852 754 classe
895 689 1157 770 releget.

471 809 514 887 i,
557 808 760 892 pedes
804 827 930 892 quo
975 815 1041 873 te
1086 811 1346 890 rapiunt
1389 814 1458 872 et
1500 830 1715 889 aurae,

473 894 628 958 dum
669 893 845 958 favet
885 915 1015 959 nox
1057 900 1125 958 et
1166 895 1414 958 Venus:
1458 895 1483 958 i
1526 895 1807 959 seeundo
2355 908 2441 962 50

475 981 686 1044 omine
731 985 799 1044 et
839 981 1042 1044 nostri
1086 1000 1437 1044 memorem
1481 979 1817 1062 sepulchro

645 1066 859 1148 scalpe
905 1065 1296 1148 querellam’.

1122 1274 1297 1347 XII.

215 1443 588 1510 Miserarum
633 1451 733 1510 est
774 1465 983 1527 neque
1027 1445 1232 1509 amori
1277 1445 1434 1509 dare
1476 1443 1701 1509 ludum
1742 1464 1951 1526 neque
1996 1442 2169 1509 dulei
2216 1511 2220 1518 ,

221 1531 386 1596 mala
428 1532 570 1596 vino
615 1531 830 1596 lavere
876 1537 989 1595 aut
1033 1530 1386 1596 exanimari
1430 1535 1791 1595 metuentes

381 1623 666 1700 patruae
695 1617 964 1682 verbera
1006 1617 1281 1698 linguae.

223 1736 334 1801 tibi
377 1739 638 1820 qualum
686 1737 1037 1822 Cythereae
1080 1757 1245 1820 puer
1287 1735 1441 1816 ales,
1486 1735 1609 1800 tibi
1651 1735 1816 1800 telas
2365 1800 2368 1802 ,

220 1842 648 1907 operosaeque
693 1824 1017 1889 Minervae
1063 1823 1346 1888 studium
1389 1820 1620 1902 aufert,
1664 1819 1971 1900 Neobule,
2398 1833 2436 1886 5

387 1911 686 1993 Liparaei
729 1911 902 1974 nitor
943 1909 1166 1990 Hebri,

228 2029 406 2094 simul
446 2037 675 2096 unetos
721 2029 1034 2094 Tiberinis
1079 2049 1334 2094 umeros
1375 2027 1537 2093 lavit
1576 2027 1647 2092 in
1686 2027 1895 2108 undiS,

229 2135 410 2198 eques
453 2118 596 2200 ipso
640 2117 868 2183 melior
908 2114 1427 2199 Bellerophonte,
1469 2133 1679 2197 neque
1722 2134 1937 2199 pugno

383 2224 594 2283 neque
637 2205 818 2287 segni
857 2204 1025 2286 pede
1068 2204 1305 2266 vietus:

227 2328 400 2386 catus
440 2324 614 2390 idem
656 2346 780 2407 per.
819 2328 1112 2407 apertum
1156 2322 1475 2405 fugientes
1520 2322 1765 2403 agitato
2353 2330 2439 2382 10

231 2428 416 2493 grege
450 2432 672 2476 cervos
714 2411 980 2474 iaculari
1025 2414 1093 2474 et
1135 2408 1309 2473 oeler
1348 2411 1493 2473 arto
1536 2407 1902 2472 latitantem

383 2496 680 2563 fruticeto
727 2498 1020 2578 excipere
1065 2516 1312 2579 aprum.

1093 2685 1306 2760 XIII.

479 2841 530 2906 Ο
577 2841 720 2907 fons
764 2840 1148 2918 Bandusiae,
1195 2837 1591 2920 splendidior
1632 2836 1817 2915 vitm,

477 2926 650 2991 dulei
695 2926 883 3008 digne
928 2945 1106 2989 mero
1150 2944 1280 2988 non
1323 2924 1462 2988 sine
1502 2921 1786 3001 floribus,

447 3058 452 3063 -
508 3012 512 3017 ’
558 3034 699 3078 eras
745 3012 1088 3076 donaberis
1133 3009 1364 3088 haedo,

642 3099 746 3163 oui
787 3098 964 3161 frons
1007 3096 1266 3178 turgida
1310 3094 1608 3159 cornibus

469 3220 692 3301 primis
738 3224 805 3283 et
845 3238 1144 3282 venerem
1182 3221 1257 3279 et
1297 3214 1547 3297 proelia
1590 3212 1886 3277 destinat.
2395 3212 2436 3285 5

469 3304 737 3369 frustra:
782 3324 933 3367 nam
979 3301 1224 3384 gelidos
1267 3298 1512 3365 inficiet
1553 3297 1674 3362 tibi

553 3391 747 3454 rubro
795 3390 1099 3471 sanguine
1143 3388 1312 3451 rivos

531 3521 540 3525 -
639 3476 860 3540 lascivi
905 3474 1160 3537 suboles
1205 3472 1434 3553 gregis

471 3598 538 3658 te
579 3593 911 3677 flagrantis
956 3598 1144 3657 atrox
1184 3591 1348 3654 hora
1394 3586 1735 3653 Caniculae

474 3682 678 3745 nescit
718 3685 1002 3761 tangere,
1048 3684 1124 3741 tu
1164 3676 1364 3759 frigus
1410 3673 1687 3739 amabile
2361 3666 2442 3717 10

559 3764 742 3831 fessis
785 3785 1043 3829 vomere
1087 3762 1290 3827 tauris

644 3851 916 3934 praebes
963 3855 1030 3913 et
1070 3848 1290 3931 pecori
1332 3865 1515 3928 vago,
