2784 4319
405 238 487 298 24

304 840 383 894 10

302 2485 381 2540 10

296 2948 377 3005 15

294 3410 376 3465 20

1190 233 1470 284 HORATI
1506 231 1888 284 CARMINUM

814 391 1010 451 cogor
1047 371 1338 434 relictos:
1383 392 1660 453 namque
1705 371 2046 452 Diespiter,

810 457 942 537 igni
988 477 1250 521 corusco
1294 456 1516 520 nubila
1559 457 1846 520 dividens

896 541 1290 624 plerumque,
1335 563 1454 624 per
1495 564 1725 624 purum
1769 547 2065 606 tonantes

984 629 1115 710 egit
1158 649 1360 710 equos·
1401 629 1849 709 volucremque
1895 649 2172 710 currum,

810 769 937 830 quo
980 749 1173 814 bruta
1213 749 1406 812 tellus
1452 755 1518 813 et
1558 770 1722 830 vaga
1763 747 2043 827 flumina,

812 855 937 916 quo
985 833 1141 918 Styx
1185 840 1250 899 et
1292 835 1480 899 invisi
1521 833 1785 900 horrida
1829 834 2102 898 Taenari

899 922 1083 985 sedes
1127 920 1592 1001 Atlanteusque
1635 919 1779 986 finis

982 1007 1357 1070 concutitur.
1403 1006 1577 1070 valet
1617 1008 1748 1070 ima
1791 1007 2052 1070 summis

810 1132 1059 1191 mutare
1105 1132 1171 1190 et
1210 1127 1459 1208 insigne
1504 1131 1798 1190 attenuat
1841 1127 2017 1206 deUS,

811 1213 1084 1277 obscura
1125 1233 1456 1295 promens:
1503 1212 1651 1276 hinc
1695 1213 1942 1294 apicem
1986 1233 2189 1295 rapax

894 1297 1179 1362 Fortuna
1223 1319 1368 1361 cum
1413 1299 1688 1362 stridore
1733 1304 1921 1361 acuto

982 1383 1257 1462 sustulit,
1301 1383 1407 1447 hic
1451 1386 1740 1466 posuisse
1787 1384 2040 1464 gaudet.

1370 1523 1688 1596 XXXV.

813 1641 864 1706 O
912 1640 1075 1721 diva,
1121 1647 1374 1724 gratum
1419 1662 1584 1723 quae
1624 1643 1794 1723 regis
1839 1643 2118 1722 Antium,

810 1747 1115 1809 praesens
1158 1727 1260 1791 vel
1302 1729 1432 1792 imo
1477 1727 1703 1793 tollere
1750 1729 1830 1792 de
1873 1729 2078 1809 gradu

894 1813 1166 1877 mortale
1212 1833 1443 1896 corpus
1487 1813 1588 1877 vel
1632 1814 1939 1894 superbos

982 1905 1229 1963 vertere
1274 1898 1602 1963 funeribus
1646 1900 2030 1980 triumphos:

808 2023 877 2082 te
918 2039 1165 2101 pauper
1208 2019 1411 2083 ambit
1453 2018 1730 2083 sollicita
1769 2041 1960 2100 prece

807 2107 973 2169 ruris
1019 2105 1298 2185 colonus,
1343 2111 1410 2169 te
1455 2105 1778 2169 dominam
1823 2107 2137 2187 aequoris,

895 2192 1275 2273 quicumque
1320 2191 1597 2274 Bithyna
1640 2192 1900 2256 lacessit

982 2276 1399 2359 Carpathium
1441 2277 1706 2359 pelagus
1752 2279 1989 2343 carina.

807 2403 874 2461 te
916 2398 1130 2461 Dacus
1176 2419 1382 2479 asper,
1428 2404 1494 2461 te
1538 2398 1791 2480 profugi
1836 2398 2107 2481 Scythae

805 2484 1121 2565 urbesque
1166 2490 1518 2565 gentesque.
1561 2491 1626 2547 et
1669 2484 1921 2547 Latium
1965 2484 2146 2548 ferox

888 2588 1238 2652 regumque
1281 2576 1520 2633 matres
1565 2570 1985 2633 barbarorum
2030 2575 2096 2634 et

974 2655 1279 2737 purpurei
1321 2660 1614 2719 metuunt
1655 2656 1926 2738 tyranni,

802 2775 1106 2840 iniurioso
1151 2795 1233 2838 ne
1276 2775 1443 2856 pede
1486 2797 1756 2857 proruas

804 2866 1080 2925 stantem
1126 2860 1506 2939 columnam,
1551 2882 1675 2925 neu
1720 2861 1992 2943 populus
2037 2862 2337 2943 frequens

890 2947 975 3010 ad
1020 2968 1199 3009 arma
1243 2951 1588 3025 cessanteS,
1635 2948 1718 3010 ad
1763 2968 1943 3011 arma

977 3034 1255 3095 concitet
1294 3033 1760 3114 imperiumque
1803 3032 2075 3114 frangat.

800 3157 869 3215 te
914 3173 1167 3233 semper
1208 3153 1414 3215 anteit
1456 3173 1639 3215 serva
1680 3151 2063 3232 Necessitas,

805 3237 1017 3301 clavos
1061 3237 1344 3302 trabales
1390 3243 1457 3299 et
1502 3258 1735 3301 cuneos
1779 3260 1972 3301 manu

890 3328 1147 3404 gestans
1193 3331 1373 3401 aena,
1419 3342 1539 3385 nec
1583 3343 1838 3387 severus

970 3428 1173 3472 uncus
1218 3408 1404 3471 abest
1442 3407 1879 3491 liquidumque
1921 3410 2272 3493 plumbum.

802 3534 869 3591 te
916 3527 1075 3610 Spes
1120 3534 1187 3591 et
1229 3528 1376 3592 albo
1421 3550 1573 3593 rara
1613 3530 1804 3594 Fides
1831 3532 2005 3601 ,colit

802 3614 1015 3677 velata
1055 3634 1269 3695 panno
1312 3636 1432 3678 nec
1476 3618 1774 3680 comitem
1817 3617 2113 3699 abnegat,

890 3706 1231 3781 utcumque
1275 3706 1525 3765 mutata
1567 3708 1862 3783 potentes

974 3792 1150 3849 veste
1196 3786 1420 3851 domos
1465 3788 1725 3853 inimica
1767 3788 2017 3870 linquis,
