2784 4319
718 757 873 862 -E
912 757 1018 864 P
1063 758 1170 866 O
1207 759 1322 866 D
1363 758 1470 864 O
1509 744 1642 866 N

1047 986 1345 1064 LIBER„

1123 1195 1313 1206 o—-ae—-A

1173 1369 1225 1442 Ι.

470 1571 602 1636 Ibis
646 1571 943 1635 Liburnis
986 1573 1157 1634 inter
1199 1571 1333 1636 alta
1376 1572 1650 1652 navium,

524 1683 531 1686 ·
644 1659 867 1736 amice,
908 1659 1406 1740 propugnacula,

468 1751 735 1826 paratus
780 1765 965 1808 omne
1010 1744 1301 1808 Caesaris
1343 1745 1697 1827 periculum

648 1830 882 1912 subire,
927 1829 1286 1906 MaecenaS,
1331 1837 1462 1895 tuo.

468 1917 625 1998 quid
668 1937 805 1994 nOS,
851 1915 1079 1997 quibus
1123 1916 1189 1979 te
1233 1917 1365 1980 vita
1409 1917 1464 1980 si
1505 1917 1850 1999 superstite

642 2002 937 2080 iucunda,
984 2003 1036 2065 si
1082 2007 1325 2081 contra,
1371 2003 1626 2084 gravis?

467 2095 765 2152 utrumne
809 2088 964 2150 iussi
1007 2108 1464 2169 persequemur
1507 2089 1726 2168 otium,

641 2196 769 2238 non
814 2174 1019 2253 dulce,
1065 2175 1131 2238 ni
1175 2180 1386 2238 tecum
1433 2174 1638 2254 simul,

466 2283 553 2325 an
595 2261 763 2325 hunc
805 2260 1111 2338 laborem,
1158 2268 1370 2324 mente
1414 2260 1626 2341 laturi,
1670 2262 1858 2327 decet

643 2368 770 2428 qua
812 2347 980 2410 ferre
1024 2367 1153 2409 non
1197 2347 1420 2411 molles
1471 2348 1686 2412 viros?

466 2432 763 2512 feremus,
812 2440 878 2496 et
920 2438 986 2495 te
1032 2432 1132 2496 vel
1174 2454 1290 2513 per
1332 2434 1589 2514 Alpium
1633 2434 1783 2515 iuga

639 2517 1089 2600 inhospitalem
1136 2524 1201 2581 et
1246 2518 1619 2595 Caucasum,

464 2604 566 2669 vel
609 2605 975 2669 Occidentis
1016 2626 1217 2685 usque
1262 2605 1347 2669 ad
1390 2604 1677 2667 ultimum
1726 2608 1930 2668 sinum

638 2691 793 2755 forti
836 2712 1177 2772 sequemur
1218 2696 1498 2772 pectore.

464 2797 669 2858 roges,
716 2783 897 2840 tuum
940 2776 1162 2840 labore
1208 2777 1361 2857 quid
1405 2778 1614 2839 iuvem
1657 2796 1822 2855 mec,

638 2862 889 2926 inbellis
935 2883 1010 2925 ac
1053 2860 1272 2926 firmus
1316 2862 1589 2943 parum?

463 2968 675 3013 comes
720 2950 963 3012 minore
1009 2969 1148 3011 sum
1192 2948 1440 3012 futurus
1485 2950 1551 3011 in
1595 2952 1790 3026 metu,

636 3036 744 3116 qui
790 3035 995 3098 maior
1038 3034 1336 3099 absentes
1380 3034 1608 3097 habet:

460 3123 536 3183 ut
578 3121 879 3193 adsidens
923 3120 1309 3201 inplumibus
1352 3119 1542 3201 pullis
1587 3120 1720 3182 avis

635 3207 1027 3287 serpentium
1072 3206 1372 3287 adlapsus
1418 3207 1604 3269 timet

460 3292 661 3374 magis
704 3292 964 3371 relictis,
1009 3312 1155 3370 non,
1202 3298 1276 3355 ut
1318 3292 1505 3369 adsit,
1553 3292 1744 3355 auxili

629 3378 843 3443 latura
883 3378 1026 3460 plus
1070 3378 1530 3459 praesentibus.

372 3494 375 3505 ·
458 3460 730 3528 libenter
773 3465 895 3528 hoc
940 3470 1007 3529 et
1051 3484 1235 3527 omne
1280 3463 1661 3527 militabitur

580 3564 589 3566 ’
626 3549 884 3630 bellum,
929 3552 997 3614 in
1040 3556 1191 3613 tuae
1238 3568 1415 3630 spem
1469 3552 1737 3633 gratiae,

458 3653 583 3698 non
628 3641 701 3699 ut
745 3637 1024 3699 iuvencis
1070 3634 1337 3716 inligata
1379 3634 1670 3717 pluribus

628 3730 848 3786 aratra
891 3725 1181 3785 nitantur
1224 3721 1402 3795 meis,

2347 2315 2429 2413 1‘0

2346 2788 2424 2847 15

2341 3218 2422 3273 20

2336 3636 2416 3690 25
