2784 4319
61 1811 73 1846 »⁸-
61 1773 62 1784 ⁴
59 1294 76 1754 *rr—-r-——v-
60 1262 65 1271 -
58 1237 63 1244 ·
58 1145 63 1216 -*⁴
59 1086 66 1101 -

82 1645 89 1656 .

55 3848 57 3875 “’·
55 3758 73 3831 ’“«
55 3676 60 3729 -“-
55 3438 73 3654 ss—-—
57 3335 70 3417 fn·-
56 3129 79 3319 -ᾈ-Ἇμι
58 3090 60 3112 -·
62 3009 70 3024 r
60 2959 62 2975 ⁴

987 185 1123 234 LIB.
1160 185 1203 235 1.
1250 186 1435 233 111-.'1v
2231 189 2353 250 123

210 317 387 384 fertur
426 321 524 386 uti
568 321 775 404 pulvis
821 319 1127 386 collectus
1171 321 1445 400 turbine,
1491 341 1572 385 ne
1614 322 1784 404 'quid'

208 427 429 472 summa
474 407 792 490 deperdat
833 412 1124 471 metuens
1176 413 1290 471 aut
1333 407 1599 489 ampliet
1641 415 1716 472 ut
1757 429 1925 474 rem:

208 513 403 558 omnes
446 493 515 557 hi
558 498 856 557 metuunt
896 514 1134 572 verene,
1182 493 1375 559 odere
1420 499 1665 575 poetas.

199 570 457 644 ‘faenum
500 579 703 645 habet
746 581 814 643 in
859 601 1089 645 cornu·
1132 578 1322 661 longe
1367 579 1547 661 fuge!
1597 580 1942 644 dummodo
1986 581 2185 646 risum

202 667 463 730 excutiat
506 666 651 745 sibi,
695 687 826 730 non
869 665 975 729 hic
1020 666 1317 747 cuiquam
1360 671 1588 747 parcet
1631 668 1912 745 amico,
2374 671 2456 726 35

202 756 257 813 et
296 752 739 834 quodcumque
786 751 984 816 semel
1028 751 1265 816 chartis
1308 752 1622 830 inleverit‚
1669 774 1890 816 omnes

202 839 415 918 gestiet
460 860 500 903 a
543 837 731 902 furno
775 837 1121 904 redeuntes
1168 839 1353 902 scire
1376 838 1650 919 lacuque
1695 895 1702 898 .

200 928 255 986 et
292 945 523 1006 pueros
570 929 637 988 et
680 917 877 988 anuS.³
922 923 1214 1006 agedum
1268 945 1479 1004 pauca
1522 925 1742 1006 accipe
1789 927 2032 990 contra

194 1010 451 1089 primum
491 1031 609 1093 ego
655 1031 759 1074 me
802 1009 1077 1088 illorum,
1124 1009 1412 1074 dederim
1456 1010 1686 1090 quibus
1731 1032 1874 1074 esse
1915 1019 2160 1095 poetas,
2228 1016 2236 1022 '

197 1115 520 1178 excerpam
562 1117 849 1162 numero:
895 1117 1102 1178 neque
1149 1097 1316 1160 enim
1362 1096 1744 1160 concludere
1789 1117 2043 1162 versum
2187 1155 2193 1161 .
2227 1125 2240 1135 f
2375 1103 2458 1156 40

196 1181 416 1246 dixeris
464 1203 605 1247 esse
633 1184 840 1264 satis3
884 1203 1111 1264 neque,
1129 1183 1214 1246 si
1258 1183 1368 1263 qui
1415 1182 1672 1260 scribat,
1719 1184 1816 1246 uti
1860 1206 1996 1264 nos,

196 1270 457 1332 sermoni
498 1235 840 1366 propiora„
869 1274 1057 1366 putes
1096 1268 1266 1332 hunc
1312 1289 1452 1332 esse
1496 1274 1774 1351 poetam.

194 1354 503 1436 ingenium
549 1357 653 1419 cui
696 1356 800 1434 sit,
848 1355 951 1418 6ιιι
994 1375 1175 1418 mens
1220 1355 1492 1418 divinior
1537 1361 1730 1435 atque
1777 1376 1848 1418 os
1943 1407 1948 1412 .

195 1461 411 1522 magna
455 1448 849 1519 sonatnmm,
904 1440 1016 1506 des
1060 1441 1333 1504 nominis
1377 1440 1566 1504 huius
1609 1441 1935 1506 honorem.

193 1525 423 1592 idcirco
464 1527 758 1609 quidam,
794 1527 1127 1601 comoedia
1171 1547 1370 1590 necne
1414 1547 1648 1608 poema
2372 1532 2452 1588 45

193 1619 371 1693 esset,‘
410 1613 803 1694 quaesivere,
848 1612 1023 1695 quod
1068 1633 1218 1676 acer
1262 1613 1522 1710 spiritus
1569 1634 1644 1676 66
1687 1614 1782 1678 vis
1945 1663 1951 1668 .

188 1717 291 1762 nec
330 1699 545 1764 verbis
587 1721 707 1764 nec
750 1699 942 1764 rebus
985 1699 1169 1777 inest,
1215 1699 1337 1762 nisi
1381 1698 1553 1780 quod
1597 1700 1762 1780 p'ede
1809 1707 1986 1765 certo

190 1781 387 1849 differt
430 1787 728 1864 sermoni,
773 1807 981 1850 sermo
1025 1805 1256 1850 merus.
1295 1779 1395 1848 ‘at
1435 1791 1651 1866 pater
1665 1786 1927 1877 ardens

192 1873 394 1951 saevit,
442 1872 617 1954 quod
661 1873 999 1936 meretrice
1042 1887 1241 1952 nepos
1286 1871 1548 1935 insanus
1597 1871 1804 1936 6ιιιι66
1968 1929 1977 1935 .

188 1953 337 2022 filius
381 1979 648 2022 uxorem
694 1958 931 2042 grandi
974 1979 1118 2021 cum
1165 1957 1317 2021 dote
1361 1964 1636 2037 recuset,
1940 1984 1948 1990 ·
2174 2013 2178 2017 .
2375 1963 2456 2020 50

194 2041 387 2108 ebrius
434 2049 519 2122 et,
567 2066 868 2142 magnum
912 2037 1085 2149 quod
1131 2043 1430 2122 dedecus,
1478 2009 1764 2108 ambulet
1807 2014 1957 2109 ante

200 2136 451 2195 noctem
475 2138 621 2195 cum'
663 2130 930 2195 facibus,
997 2129 1305 2212 numquid
1348 2129 1736 2212 Pomponius
1781 2131 1923 2196 istis
2006 2156 2013 2164 ·

197 2218 429 2281 audiret
472 2216 731 2296 leviora,
778 2223 965 2298 pater
1008 2218 1062 2281 si
1105 2217 1391 2279 viveret?
1437 2238 1588 2299 ergo
1761 2273 1767 2277 .

196 2320 302 2365 non
346 2304 507 2367 satis
554 2309 653 2367 est
695 2304 873 2383 puris
916 2324 1168 2366 versum
1213 2303 1611 2383 perscribere
1658 2304 1888 2383 verbiS,
2375 2363 2383 2371 ,,

194 2406 366 2465 quem
412 2390 467 2453 si
514 2388 842 2465 dissolvam,
890 2389 1094 2469 quivis
1140 2387 1576 2451 stomachetur
1624 2390 1850 2453 eodem
2222 2400 2228 2407 ‘
2375 2394 2458 2449 55

192 2492 303 2551 quo
346 2480 730 2556 personatus
774 2481 967 2555 pacto
1012 2480 1216 2555 pater.
1263 2473 1381 2550 his,
1431 2494 1548 2555 ego
1597 2495 1762 2555 quae
1807 2498 1995 2554 nunc,
2135 2501 2140 2505 ·

192 2556 327 2621 olim
372 2581 539 2641 quae
585 2562 843 2641 scripsit
885 2560 1185 2635 Lucilius
1234 2560 1469 2641 eripias
1515 2560 1568 2623 si

189 2647 469 2727 tempora
500 2652 680 2710 certa
707 2646 1079 2727 modosque,
1114 2651 1180 2709 et
1194 2645 1365 2726 quod
1381 2645 1559 2725 prius
1591 2646 1815 2709 ordine
1847 2649 2125 2747 verbum
2128 2654 2243 2727 est,

189 2733 493 2809 posterius
526 2733 758 2810 facias,
804 2752 1204 2836 praeponens
1248 2730 1476 2794 ultima
1517 2732 1769 2812 primis:

189 2835 325 2895 non,
375 2824 449 2881 ut
493 2818 548 2881 si
594 2818 801 2881 solvas
842 2810 1210 2899 ‘postquam
1254 2817 1592 2881 Discordia
1636 2823 1848 2881 taetra
1927 2844 1932 2847 ·
2375 2824 2457 2881 60

189 2899 331 2966 belli
373 2904 649 2968 ferratos
693 2909 911 2985 postes
956 2910 1303 2985 portasque
1354 2897 1657 2985 refregit‚'

189 2986 463 3054 invenias
509 2991 705 3054 etiam
753 2990 1005 3053 disiecti
1049 2988 1335 3052 membra
1379 2995 1630 3070 poetae

188 3069 488 3139 hactenus
532 3076 712 3139 haec.
760 3075 919 3139 alias
965 3076 1203 3139 iustum
1248 3076 1333 3138 sit
1376 3096 1578 3139 necne
1622 3097 1874 3157 poema,
1942 3102 1950 3111 ·

190 3178 347 3225 nunc
388 3162 548 3225 illud
594 3167 845 3225 tantum
890 3182 1212 3243 quaeram,
1257 3161 1570 3225 meritone
1615 3162 1733 3225 tibi
1779 3163 1864 3225 sit
2006 3216 2012 3223 .

190 3253 547 3327 suspectum
592 3256 793 3329 genus
836 3247 960 3311 hoc
1006 3247 1341 3311 scribendi.
1390 3246 1640 3311 Sulcius
1685 3269 1839 3311 acer
2374 3254 2456 3311 65

191 3331 468 3397 ambulat
514 3337 580 3397 et
626 3332 914 3414 CapriUS‚
960 3333 1138 3397 rauci
1182 3331 1349 3396 male
1399 3354 1665 3415 cumque
1711 3334 1964 3414 libellis,
2014 3360 2022 3364 ·

190 3434 445 3498 magnus
490 3424 762 3500 uterque
807 3420 1001 3482 timor
1042 3418 1428 3483 latronibus:
1483 3423 1553 3482 at
1595 3419 1757 3484 bene
1804 3421 1858 3483 'si
1903 3422 2045 3502 quis

192 3506 253 3563 et
292 3504 462 3569 vivat
501 3506 682 3588 puris
727 3505 1041 3582 manibUS‚
1090 3510 1460 3569 contemnat
1503 3511 1861 3587 utrumque.

192 3591 257 3650 ut
296 3590 383 3653 sis
424 3596 498 3655 tu
543 3591 769 3657 similis
818 3590 993 3654 Caeli
1037 3590 1330 3673 Birrique
1376 3591 1716 3670 latronum,
2400 3637 2407 3642 -

192 3692 309 3736 non
354 3696 467 3759 ego
514 3678 636 3741 sim
685 3676 879 3757 Capri
924 3697 1145 3757 neque
1178 3676 1380 3741 Sulci:
1431 3699 1544 3741 cur
1586 3684 1836 3741 metuas
1881 3680 2032 3743 me?
2373 3684 2459 3741 70

193 3758 355 3825 nulla
395 3763 667 3828 taberna
710 3784 887 3827 meos
930 3762 1170 3828 habeat
1219 3784 1426 3845 neque
1471 3763 1604 3845 pila
1647 3764 1917 3844 libellos,
2009 3822 2014 3827 .
