2784 4319
976 289 1110 340 LIB.
1151 289 1188 338 ῐ.
1230 297 1596 338 xxm-xxvii

558 444 726 506 quae
771 425 946 506 prius
992 425 1261 488 multum
1306 425 1512 490 facilis
1557 427 1853 490 movebat

560 511 872 574 cardines,
920 511 1103 575 audis
1147 512 1355 574 minus
1402 516 1466 574 et
1509 512 1717 575 minus
1761 512 1922 576 iam:

554 593 682 660 ‘me
726 601 838 659 tuo
884 595 1107 678 longas
1150 603 1460 678 pereunte
1505 601 1745 675 nocte8‚

730 681 953 764 Lydia,
1000 681 1239 746 dormis
1256 682 1303 744 ‘2'

552 801 827 864 invicem
870 801 1171 865 moechos
1216 823 1375 865 anus
1422 803 1806 884 adrogantes

552 884 739 951 flebis
782 887 851 950 in
894 887 1030 950 solo
1077 887 1231 950 levis
1276 889 1636 969 angiporta,

554 971 827 1035 Thracio
872 973 1229 1038 bacchante
1274 975 1478 1054 magis
1523 973 1639 1037 sub
1684 973 1881 1038 inter·

728 1057 905 1122 lunia
948 1063 1157 1138 ventO,

552 1198 701 1240 cum
745 1178 864 1242 tibi
906 1177 1185 1260 flagrans
1230 1199 1412 1242 amor
1456 1184 1522 1242 et
1563 1177 1784 1256 libido,

551 1284 718 1344 quae
765 1263 930 1328 solet
973 1271 1213 1328 matres
1254 1265 1492 1328 furiare
1539 1285 1864 1346 equorum,

550 1349 797 1414 saeviet
841 1351 1013 1414 circa
1055 1350 1233 1414 iecur
1275 1349 1655 1427 ulcerosum,

723 1455 853 1498 non
898 1437 1034 1499 sine
1081 1441 1327 1518 questa,

544 1553 725 1618 laeta
768 1555 940 1636 quod
983 1555 1185 1636 pubes
1230 1554 1470 1619 hedera
1513 1554 1742 1618 virenti

548 1640 833 1720 gaudeat
874 1640 1053 1722 pulla
1096 1640 1299 1722 magis
1344 1646 1538 1722 atque
1584 1645 1812 1723 myrto,

550 1725 769 1789 aridas
813 1725 1073 1810 frondes
1117 1726 1344 1790 hiemis
1390 1725 1599 1790 sodali

723 1811 981 1875 dedicet
1022 1811 1213 1875 Eure.

1118 2017 1402 2092 XXVI.

544 2190 747 2253 Musis
792 2191 1033 2253 amicus
1077 2190 1406 2253 tristitiam
1451 2196 1518 2267 et
1560 2194 1766 2253 metus

542 2276 803 2338 tradam
844 2275 1158 2356 protervis
1202 2276 1268 2337 in
1312 2295 1489 2338 mare
1537 2273 1856 2338 Creticum

633 2367 893 2441 portare
938 2362 1163 2438 ventiS,
1209 2361 1350 2441 quis
1397 2361 1513 2424 sub
1559 2361 1754 2423 Arcto
1850 2424 1853 2427 .

718 2466 833 2509 rex
876 2446 1124 2527 gelidae
1169 2452 1492 2509 metuatur
1536 2466 1708 2525 orae,

541 2566 699 2646 quid
746 2565 1071 2630 Tiridaten
1116 2571 1376 2643 terreat,
1424 2566 1608 2628 unice

542 2672 823 2715 securus.
870 2672 907 2715 0
953 2672 1117 2733 quae
1162 2650 1445 2715 fontibus
1490 2651 1756 2733 integris

634 2737 892 2817 gaudes,
939 2738 1191 2819 apricos
1236 2742 1421 2811 necte
1465 2735 1674 2814 floreS,

716 2828 903 2886 necte
946 2843 1089 2885 meo
1133 2822 1394 2885 Lamiae
1441 2842 1766 2901 coronam,

538 2940 831 3021 ‘Pimplea
875 2941 1098 3005 dulcis.
1143 2941 1235 3005 nil
1280 2941 1436 3005 sine·
1460 2946 1526 3005 te
1569 2942 1695 3004 mei

538 3032 811 3107 prosunt
850 3026 1144 3091 honores.
1189 3027 1357 3089 hunc
1399 3020 1633 3090 fidibus
1677 3025 1876 3105 novis,

629 3110 795 3176 hunc
840 3112 1070 3176 Lesbio
1118 3133 1373 3175 sacrare
1418 3112 1665 3193 plectro

632 3257 634 3259 ,
712 3202 903 3278 teque
947 3204 1219 3278 tuasque
1265 3198 1453 3261 decet
1497 3216 1790 3279 sorores,-

1104 3402 1426 3475 XXVII.

532 3550 728 3637 Natisr
770 3573 836 3637 in
878 3595 1065 3639 usum
1108 3572 1394 3635 laetitiae
1441 3571 1694 3655 scyphis
1753 3628 1760 3638 .

532 3678 825 3739 pugnare
870 3658 1187 3723 Thracum
1233 3664 1363 3721 est:
1409 3658 1616 3721 tollite
1661 3654 2006 3721 barbarum

626 3762 872 3807 morem
912 3744 1464 3823 verecundumque
1507 3742 1830 3807 Bacchum

714 3830 1075 3911 sanguineis
1119 3828 1455 3910 prohibete
1499 3829 1673 3891 rixis,

1985 3947 2061 3997 2⁷¹²·

2341 297 2416 357 19

2439 895 2516 950 10

2429 1813 2512 1870 20

2440 3042 2522 3095 10
