2784 4319
422 269 547 328 204

364 753 483 806 125

370 1183 481 1237 130

367 1615 482 1667 1:35

366 2045 483 2097 140

370 2477 390 2525 1
407 2478 482 2555 «15

367 2908 481 2960 150

367 3336 480 3387 155

366 3764 483 3814 160

1150 262 1301 312 HOR
1308 263 1426 311 2¹:1¹1
1461 261 1970 312 EPISTULARUM

628 400 853 465 fundet
898 421 1054 482 opes⁴
1097 401 1477 482 Latiumque
1523 399 1743 464 beabit
1787 399 1981 462 divite
2027 397 2281 481 lingua3

626 487 1015 550 luxuriantia
1060 494 1419 568 conpescet,
1466 488 1651 550 nimis
1696 506 1926 568 aspera
1970 505 2126 552 sano
2705 405 2708 624 Ι

626 574 865 637 levabit
911 573 1103 651 cultu,
1148 575 1381 636 virtute
1431 573 1716 636 carentia
1757 571 1962 651 tollet,

626 658 905 724 ludentis
952 660 1229 741 speciem
1274 659 1457 722 dabit
1502 664 1568 722 et
1609 657 2030 739 torquebitur,
2075 664 2150 721 ut
2195 659 2305 738 qui

628 767 797 809 nunc
843 745 1157 827 Satyrum,
1204 765 1371 808 nunc
1417 749 1735 826 agrestem
1783 743 2060 826 Cyclopa
2111 749 2416 808 movetur.

625 832 1039 913 praetulerim
1089 833 1365 912 scriptor
1411 831 1647 894 delirus
1691 832 1988 911 inersque
2031 829 2256 901 videri,
2707 755 2710 918 1

627 918 778 981 (111111
821 938 967 981 mea
1010 917 1332 982 delectent
1374 917 1547 980 mala
1589 937 1690 980 me
1736 916 1837 980 vel
1882 916 2154 998 denique
2201 915 2446 994 fallant,
2489 929 2496 935 '

626 1025 818 1085 quam
864 1025 1087 1085 sapere
1135 1010 1200 1067 et
1243 1004 1454 1085 ringi‘?
1497 1003 1620 1066 fuit
1663 1002 1836 1067 haud
1880 1002 2178 1083 ignobilis
2235 1003 2440 1083 ArgiS,

626 1091 735 1172 qui
780 1111 847 1154 se
894 1090 1200 1154 credebat
1242 1091 1438 1153 miros
1485 1089 1706 1153 audire
1751 1089 2093 1171 tragoedos

624 1178 689 1239 in
733 1197 933 1240 vacuo
976 1175 1186 1240 laetus
1232 1196 1444 1240 sessor
1486 1174 1871 1258 plausorque
1922 1176 2211 1253 theatr03
2709 1103 2712 1306 Ῐ

628 1269 845 1326 cetera
889 1263 999 1344 qui
1041 1264 1211 1326 vitae
1256 1269 1542 1326 servaret
1584 1263 1802 1325 munia
1851 1267 2030 1325 recto

624 1369 821 1427 more,
866 1348 1073 1414 bonus
1119 1368 1272 1412 sane
1316 1349 1578 1426 vicinus,
1627 1347 1920 1411 amabilis
1962 1347 2218 1428 hospes,

625 1436 821 1498 comis
866 1435 932 1498 in
975 1455 1259 1514 uxorem,
1305 1439 1526 1516 posset
1571 1435 1680 1515 qui
1723 1435 2052 1516 ignoscere
2099 1433 2297 1497 servis

626 1527 692 1585 et
736 1522 917 1602 signo
961 1519 1136 1584 laeso
1185 1541 1311 1584 non
1357 1520 1637 1584 insanire
1681 1519 2010 1602 lagoenae,

622 1613 841 1688 posset
885 1607 994 1688 qui
1036 1627 1262 1688 rupem
1306 1613 1372 1670 et
1415 1612 1680 1687 puteum
1723 1607 1925 1670 vitare
1971 1612 2319 1688 patentem.

621 1693 724 1757 1110
767 1693 879 1757 ubi
923 1700 1340 1774 cognatorum
1386 1693 1612 1774 opibus
1660 1693 1953 1774 curisque
1996 1692 2276 1756 refectus
2711 1745 2713 1750 .

623 1779 867 1860 expulit
910 1778 1191 1843 elleboro
1235 1779 1529 1843 morbum
1573 1778 1892 1858 bilemque
1937 1799 2192 1841 meraco

623 1873 689 1928 et
731 1865 901 1928 redit
943 1865 1029 1928 ad
1074 1885 1232 1944 sese,
1274 1858 1411 1969 ‘pol
1455 1886 1556 1928 me
1604 1864 1946 1942 occidistiS,
1994 1865 2201 1943 amici,

623 1973 751 2015 non
795 1944 1110 2015 servastis'
1162 1952 1272 2030 ait,
1342 1952 1446 2015 cui
1491 1951 1582 2014 sic
1628 1955 1881 2014 extorta
1924 1950 2217 2032 voluptas

626 2044 689 2100 et
710 2048 715 2052 “
734 2038 1029 2119 demptus
1074 2057 1192 2118 per
1234 2037 1362 2101 vim
1406 2037 1638 2100 mentis
1685 2037 2084 2118 gratissimus
2130 2029 2346 2100 error.³

624 2125 919 2187 nimirum
966 2144 1191 2205 sapere
1240 2129 1338 2188 est
1383 2123 1652 2188 abiectis
1697 2123 1852 2187 utile
1899 2123 2101 2207 nugiS,

626 2216 691 2273 et
733 2212 1181 2292 tempestivum
1225 2211 1440 2292 pueris
1489 2210 1838 2274 concedere
1882 2210 2121 2287 ludum,

625 2318 701 2360 ac
744 2318 873 2360 non
915 2296 1112 2383 verba
1156 2298 1338 2377 sequi
1380 2296 1615 2361 fidibus
1660 2296 2050 2360 modulanda
2093 2296 2359 2371 Latinis,

626 2382 739 2445 sed
782 2403 969 2446 verae
1014 2403 1439 2463 numerosque
1485 2382 1835 2463 modosque
1882 2383 2165 2446 ediscere
2209 2383 2395 2445 vitae.

625 2469 925 2549 quocirca
968 2490 1217 2533 mecum
1263 2469 1491 2549 loquor
1534 2468 1694 2531 haec
1737 2469 2098 2549 tacitusque
2143 2468 2474 2531 recordor:

626 2556 678 2618 si
723 2555 843 2618 tibi
886 2554 1063 2618 nulla
1108 2556 1280 2618 sitim
1323 2553 1538 2617 finiret
1583 2555 1768 2636 copia
1811 2554 2126 2643 lymphae,
2228 2567 2232 2571 '
2500 2578 2504 2585 ·

625 2661 919 2704 narrares
962 2641 1259 2704 medicis:
1310 2641 1500 2722 quod,
1549 2646 1788 2721 quanto
1833 2641 2020 2722 plura
2070 2640 2335 2722 parasti,

624 2733 805 2790 tanto
850 2726 1037 2807 plura
1084 2727 1285 2809 cupis,
1330 2726 1570 2790 nulline
1615 2726 1878 2789 faterier
1922 2727 2120 2791 audes
2135 2728 2168 2790 Ῥ

624 2814 676 2877 01
720 2812 944 2877 volnus
989 2813 1108 2877 tibi
1151 2819 1511 2878 monstrata
1553 2813 1770 2876 radice
1815 2811 1916 2876 vel
1959 2812 2160 2876 herba

623 2920 749 2962 non
792 2897 976 2962 fieret
1018 2899 1237 2979 levius,
1284 2899 1536 2981 fugeres
1581 2898 1798 2961 radice
1842 2897 1944 2962 vel
1987 2897 2189 2962 herba

624 2983 996 3066 proficiente
1040 2984 1199 3048 nihil
1244 2986 1554 3048 curarier:
1603 2983 1918 3063 audieraS,
1965 2984 2069 3048 cui

623 3092 760 3134 rem
806 3070 872 3134 di
917 3070 1251 3150 donarent,
1296 3070 1392 3133 illi
1437 3071 1747 3134 decedere
1791 3090 2056 3151 pravam

624 3156 993 3237 stultitiam3
1038 3161 1105 3220 et
1150 3177 1293 3220 cum
1338 3157 1426 3220 sis
1471 3154 1669 3219 nihilo
1715 3157 2083 3237 sapientior,
2129 3175 2208 3219 ex
2253 3176 2378 3237 quo

623 3243 873 3323 plenior
918 3262 1005 3321 es,
1052 3247 1270 3306 tamen
1312 3244 1515 3306 uteris
1560 3242 1982 3306 monitoribus
2029 3242 2278 3305 isdem?

624 3335 693 3391 at
737 3330 791 3393 si
837 3328 1095 3392 divitiae
1140 3329 1522 3409 prudentem
1565 3327 1835 3391 reddere
1879 3334 2160 3410 possent,

626 3416 680 3479 si
726 3414 1026 3496 cupidum
1067 3414 1490 3495 timidumque
1536 3413 1743 3477 minus
1787 3419 1873 3492 te,
1918 3434 2147 3502 nempe
2191 3413 2467 3488 rubereS,

624 3501 865 3563 viveret
906 3500 975 3563 in
1016 3501 1207 3565 terris
1251 3506 1317 3564 te
1364 3501 1420 3564 si
1464 3500 1604 3580 quis
1650 3500 1901 3563 avarior
1942 3521 2088 3564 uno.

627 3586 682 3649 01
718 3586 1047 3667 proprium
1086 3591 1203 3666 est,
1243 3586 1417 3667 quod
1455 3586 1596 3666 quis
1633 3585 1801 3649 libra
1836 3592 2156 3650 mercatus
2197 3590 2262 3649 et
2299 3602 2444 3649 aere
2479 3582 2580 3645 est,

626 3672 964 3751 quaedam,
1012 3673 1067 3736 si
1102 3672 1321 3737 'credis
1368 3670 1693 3751 consultis,
1738 3673 2065 3753 mancipat
2107 3692 2293 3736 usus:

628 3758 739 3837 qui
782 3762 848 3821 te
892 3758 1099 3840 pascit
1142 3778 1313 3839 ager,
1357 3763 1508 3822 tuus
1553 3763 1671 3835 est,
1718 3762 1784 3821 et
1826 3758 2048 3822 vilicus
2094 3756 2270 3837 Orbi,

630 3864 773 3905 cum
820 3849 1068 3925 segetes
1115 3849 1299 3907 occat
1341 3844 1463 3907 tibi
1505 3864 1655 3906 mox
1699 3842 2018 3907 frumenta
2063 3844 2344 3917 daturas,
