2784 4319
376 2502 452 2555 10

374 2961 451 3015 15

368 3422 449 3477 20

1068 851 1434 959 CAR
1451 847 2154 968 MINUM.

1028 1067 1032 1072 ·
1230 1077 1474 1156 LIBER
1529 1075 1984 1156 SECUNDUS.

1584 1454 1645 1527 Ι.

884 1661 1131 1724 Motum
1176 1680 1255 1723 ex
1298 1657 1556 1722 Metello
1605 1657 1862 1721 consule
1910 1656 2176 1720 civicum

882 1745 1163 1827 bellique
1208 1765 1435 1808 causas
1481 1749 1548 1808 et
1589 1743 1744 1806 vitia
1789 1748 1856 1806 et
1897 1742 2122 1806 modos

970 1831 1316 1911 ludumque
1360 1829 1684 1892 Fortunae
1727 1847 2077 1909 gravesque

1056 1917 1417 1998 principum
1462 1914 1776 1978 amicitias
1823 1918 1889 1977 et
1933 1933 2112 1976 arma

884 2035 1169 2099 nondum
1214 2035 1488 2116 expiatis
1533 2039 1728 2096 uncta
1773 2031 2122 2110 cruoribus,

886 2120 1285 2203 periculosae
1328 2119 1588 2201 plenum
1634 2139 1792 2202 opus
1837 2116 2037 2197 aleae,

872 2269 877 2275 .
971 2212 1213 2270 tractas
1258 2211 1326 2269 et
1368 2206 1612 2269 incedis
1657 2226 1775 2286 per
1816 2205 1994 2286 ignes

1059 2291 1422 2373 subpositos
1468 2291 1665 2354 cineri
1711 2290 1951 2354 doloso.

886 2410 1149 2493 paulum
1194 2431 1452 2475 severae
1495 2410 1681 2474 Musa
1724 2407 2094 2492 tragoediae

888 2496 1057 2561 desit
1099 2495 1402 2560 theatris:
1449 2517 1615 2574 mox,
1662 2495 1773 2560 ubi
1815 2495 2107 2578 publicas

973 2602 1077 2645 res
1122 2582 1462 2661 ordinarie,
1509 2582 1750 2664 grande
1795 2602 2024 2645 munus

1061 2666 1368 2748 Cecropio
1414 2673 1668 2749 repetes
1715 2666 2046 2746 cothurm,

886 2787 1132 2869 insigne
1178 2788 1443 2852 maestis
1485 2788 1877 2868 praesidium
1920 2788 2048 2850 reis

888 2878 956 2937 et
1000 2872 1372 2951 consulenti,
1420 2872 1644 2951 Pollio,
1692 2874 1925 2949 curiae,

975 2960 1076 3022 cui
1119 2959 1337 3022 laurus
1384 2964 1680 3021 aeternos
1723 2957 1998 3020 honores

1059 3043 1416 3108 Delmatico
1461 3044 1714 3125 peperit
1756 3042 2096 3123 triumpho.

886 3162 1016 3227 iam
1060 3183 1229 3226 nunc
1273 3162 1509 3225 minaci
1553 3182 1875 3224 murmure
1921 3182 2226 3225 cornuum

887 3248 1263 3330 perstringis
1310 3268 1515 3323 auree,
1561 3248 1692 3309 iam
1735 3246 1878 3308 litui
1921 3252 2234 3328 strepunt,

973 3334 1102 3396 iam
1146 3331 1356 3413 fulgor
1401 3352 1722 3395 armorum
1766 3332 2025 3413 fugaces

1058 3423 1261 3481 terret
1304 3436 1502 3497 equos
1547 3418 1955 3498 equitumque
1999 3416 2224 3480 voltuS.

888 3536 1111 3601 audire
1157 3555 1424 3616 magnos
1467 3536 1596 3598 iam
1641 3537 1860 3600 videor
1905 3537 2118 3615 duceS‚

886 3642 1015 3685 non
1058 3621 1361 3684 indecoro
1407 3621 1667 3702 pulvere
1714 3622 2024 3701 sordidOS,

976 3712 1041 3770 et
1088 3712 1317 3769 cuncta
1358 3713 1677 3769 terrarum
1722 3708 1987 3770 subacta

1061 3798 1319 3873 praeter
1364 3798 1646 3855 atrocem
1693 3793 1972 3854 animum
2017 3789 2294 3856 Catonis,

2649 3653 2654 3661 ⁴
2657 3555 2665 3561 Ι
2666 3437 2672 3461 ‘-

2724 3652 2730 3737 ᾐω-
2724 3544 2729 3605 Ᾰ--
2725 3398 2732 3529 ῚΑ-
