2784 4319
547 491 771 545 Ede-‹-

590 569 909 637 ‘sax-20(

602 656 823 725 exesse

842 893 1657 1063 PRAEFATIQ

304 1223 745 1310 Fundamentum
772 1259 1014 1309 editionis
1039 1253 1213 1322 huius,
1252 1274 1389 1323 quae
1427 1259 1724 1308 scholarum
1761 1259 1944 1310 usibus
1981 1259 2251 1310 destinata
2275 1265 2372 1322 est,

68 1341 341 1394 subsidia
387 1344 571 1394 critica
618 1349 743 1395 sunt
789 1361 823 1395 a
870 1345 1081 1396 Kellero
1131 1349 1185 1394 et
1235 1343 1468 1395 Holdero
1525 1345 1762 1394 collecta.
1834 1344 1888 1394 Is
1943 1361 2074 1398 vero.
2118 1347 2374 1407 codicum,

68 1443 323 1490 quorum
348 1429 593 1480 notitiam
628 1431 893 1480 indefesso
932 1431 1207 1494 utriusque
1242 1431 1341 1479 viri
1377 1431 1545 1480 labori
1583 1430 1850 1492 debemuS,
1882 1437 1965 1481 est
2001 1437 2170 1482 status
2209 1437 2368 1496 atque

74 1529 143 1562 ea
184 1515 461 1577 condiciO,
509 1522 570 1566 ut
604 1519 660 1566 in
696 1519 872 1582 plures
922 1517 1149 1567 familias
1200 1516 1584 1567 discedentium
1621 1517 1798 1566 nullus
1835 1517 1904 1568 sit
1939 1522 2032 1568 aut
2064 1518 2372 1582 integritate

76 1603 241 1650 tanta
296 1607 397 1652 aut
442 1607 726 1666 vetustate,
786 1608 847 1653 ut
896 1603 1086 1661 ceteris
1134 1603 1450 1654 eminentior
1496 1609 1764 1667 tamquam
1813 1604 1920 1652 dux
1951 1609 2102 1669 regat
2137 1619 2388 1660 examen.>

86 1685 280 1749 Neque
300 1701 431 1738 vero
458 1703 721 1739 consensu
748 1705 928 1742 eorum
964 1675 1195 1740 omnium
1233 1689 1526 1739 confirmari
1564 1705 1770 1753 semper
1788 1705 1966 1740 veram
2004 1695 2058 1740 et
2097 1690 2380 1755 genuinam

82 1771 383 1824 lectionem
434 1779 505 1837 et,
564 1774 658 1824 ubi
704 1775 939 1826 diversas
988 1775 1241 1827 exhibent
1288 1775 1592 1838 scripturae,
1647 1775 1702 1824 id
1751 1775 1889 1840 quod
1937 1775 2223 1826 sescenties
2261 1774 2372 1825 fieri

85 1857 359 1924 dolemus,
414 1859 648 1924 eligendi
706 1861 1019 1912 difficultate
1064 1853 1427 1915 inextricabili
1484 1861 1849 1926 praepeditum
1907 1878 2065 1926 saepe
2123 1862 2372 1912 confundi

84 1943 367 1997 hominem
402 1946 644 1996 criticum
680 1948 797 2010 quis
835 1953 919 1998 est
954 1949 1041 2013 qui
1078 1947 1321 1998 nesciat?
1356 1948 1500 2012 Ergo
1537 1945 1932 2012 nonnumquam
1969 1947 2378 2012 confugiendum

90 2036 209 2081 erat
259 2031 336 2083 ad
380 2032 547 2083 libros
597 2048 757 2084 manu
804 2033 1026 2098 scriptos
1075 2051 1109 2084 a
1161 2031 1391 2098 Oruqnio
1417 2031 1454 2100 ¹)
1492 2033 1733 2083 Bentleio
1762 2033 1888 2082 ‘aliis
1927 2035 2206 2098 adhibitos,
2245 2049 2375 2098 quos

101 2119 317 2180 quidem
352 2123 415 2170 ut
450 2117 757 2170 deterrimos
793 2119 1003 2185 fideque
1038 2136 1251 2185 prorsus
1287 2119 1536 2187 indignos
1573 2119 1712 2171 abici
1747 2121 1904 2169 iussit
1939 2120 2200 2171 Keller-us.
2259 2119 2380 2170 Non

98 2210 243 2255 recte.
275 2212 437 2271 puto:
476 2222 601 2255 nam
638 2207 683 2255 si
718 2214 898 2257 essent
934 2207 1217 2273 deterrimi,
1254 2206 1460 2257 nullum
1495 2208 1705 2257 omnino
1745 2207 2153 2266 emolumentum
2191 2222 2257 2257 ex
2293 2208 2372 2257 eis

97 2298 280 2352 posset
310 2291 447 2357 capi.
484 2291 559 2341 At
592 2292 846 2344 lectiones
878 2292 982 2355 vel,
1020 2292 1068 2343 si
1101 2293 1205 2343 alio
1241 2292 1454 2344 nomine
1478 2293 1646 2343 mavis
1683 2293 1778 2355 uti,
1806 2293 2200 2343 emendationes
2225 2294 2374 2343 nobis

94 2374 171 2423 illi
210 2378 557 2442 subpeditant
604 2383 698 2429 aut
750 2378 1051 2445 probabiles
1097 2383 1191 2429 aut
1240 2380 1401 2431 etiam
1449 2379 1786 2431 certissimas.
1858 2380 2028 2429 Multo
2065 2378 2230 2445 pluris
2283 2378 2377 2428 ha·

103 2462 279 2513 benda
314 2468 441 2513 sunt
474 2466 707 2515 virorum
744 2464 1019 2515 doctorum
1054 2464 1179 2515 inde
1216 2482 1247 2514 a
1282 2465 1525 2517 Bentleio
1561 2481 1730 2529 usque
1767 2465 1834 2515 ad
1870 2470 2103 2515 nostram
2139 2472 2369 2516 aetatem

104 2547 383 2612 ingeniosa
408 2555 731 2613 commenta3
769 2566 905 2616 quae
930 2553 975 2600 si
1003 2551 1243 2602 doctrina
1280 2557 1335 2601 et
1370 2552 1575 2601 ratione
1613 2556 1667 2601 et
1701 2551 2075 2615 probabilitate
2112 2566 2373 2601 commen-

106 2633 214 2684 dari
263 2636 586 2699 viderentur,
640 2637 699 2688 in
744 2639 1024 2689 verborum
1072 2643 1375 2687 contextum
1425 2638 1658 2700 recipere
1703 2652 1811 2687 non
1859 2636 2112 2687 dubitavi.
2185 2638 2374 2702 Itaque

106 2720 248 2781 quod
302 2721 507 2773 adtinet
552 2721 622 2773 ad
674 2724 839 2774 verba
884 2702 1073 2787 pdetae
1122 2724 1450 2774 restituenda
1465 2760 1478 2785 ,
1536 2722 1742 2772 codices
1789 2723 2051 2787 antiquos,
2107 2730 2368 2788 quatenus

102 2804 271 2871 licuit,
310 2813 522 2859 secutus
549 2824 683 2872 sum,
717 2808 801 2859 his
826 2807 1110 2859 destitutus
1134 2810 1267 2860 alios
1305 2809 1563 2868 consului,
1590 2808 1719 2859 locis
1747 2809 2002 2872 corruptis
2040 2809 2368 2859 coniecturas

107 2888 208 2941 fide
250 2892 437 2957 dignas
472 2894 666 2959 recepi,
704 2894 998 2960 desperatis
1046 2895 1326 2947 lectionem
1362 2894 1610 2944 traditam
1643 2896 1792 2959 signo
1830 2894 2158 2959 corruptelae
2194 2894 2372 2944 addito

109 2978 329 3029 retinuit
374 2981 434 3030 in
468 2981 773 3031 universum
808 2986 985 3032 autem
1019 2980 1076 3031 id
1112 2980 1333 3047 adsequi
1369 2980 1563 3040 studui,
1601 2984 1662 3029 ut
1698 2980 2022 3029 discentibus
2058 2996 2165 3031 non
2203 2979 2371 3030 solum

112 3065 283 3117 verbis
330 3066 665 3117 emendatum
712 3066 976 3119 traderem
1022 3072 1250 3135 poetam,
1300 3066 1397 3117 sed
1444 3066 1604 3118 etiam
1640 3064 1914 3117 intellectu
1961 3065 2184 3128 facilem,
2223 3082 2375 3131 prae-

116 3151 289 3201 sertim
313 3166 433 3201 cum
462 3152 689 3205 editores
724 3154 1007 3204 nonnullos
1042 3154 1295 3203 vidissem
1329 3151 1387 3203 in
1422 3152 1479 3201 id
1511 3152 1701 3201 vitium
1740 3150 2012 3213 incidisse,
2048 3156 2109 3201 ut
2155 3155 2382 3217 receptis

119 3240 209 3285 aut
249 3237 430 3289 formis
474 3240 755 3291 verborum
798 3239 973 3289 minus
1020 3239 1233 3290 usitatis
1281 3244 1376 3289 aut
1412 3238 1726 3289 coniecturis
1763 3253 1857 3303 per
1903 3237 2092 3303 longas
2129 3239 2378 3303 ambages

252 3444 294 3491 1)
321 3442 766 3485 God.‘Blandinium
807 3445 1188 3493 antiquissimum,
1233 3444 1291 3483 de
1340 3453 1430 3491 quo
1469 3444 1683 3483 Keller-us
1721 3444 1858 3493 paulo
1897 3444 2097 3491 iniquius
2136 3444 2376 3494 iudicavit,

124 3506 427 3551 Berolinenses
457 3513 601 3553 nimia
618 3514 916 3553 veneratione
940 3513 1221 3561 suspiciunt;
1262 3512 1319 3552 cf.
1342 3512 1417 3553 W.
1441 3514 1625 3560 Mewes‚
1657 3512 1810 3554 Ueber
1837 3513 1924 3552 den
1952 3512 2081 3552 Wert
2109 3513 2187 3551 des
2224 3510 2380 3552 Codex

125 3575 379 3623 mandimus
406 3583 737 3623 vetustissimus
765 3584 838 3622 fiir
866 3583 939 3622 die
966 3582 1119 3621 Kritik
1148 3582 1228 3620 des
1256 3580 1420 3633 Horaz,
1450 3582 1658 3622 Berolini
1685 3582 1803 3633 1882,
1833 3592 1878 3631 p.
1905 3582 1971 3621 24.
2027 3582 2212 3620 Librum
2251 3582 2379 3620 illum

129 3654 249 3687 manu
274 3651 489 3698 scriptum
521 3661 621 3691 cum
648 3652 699 3691 L.
728 3651 947 3691 Muellero
978 3659 1127 3697 neque
1154 3649 1391 3689 meliorem
1417 3652 1560 3691 fuisse
1587 3654 1696 3699 puto
1735 3660 1886 3698 neque
1915 3650 2217 3699 antiquiorem
2245 3660 2379 3698 quam

128 3712 284 3755 Kelleri
312 3718 489 3759 codices
514 3718 595 3758 AB
626 3719 697 3769 (A‘
724 3719 811 3772 B‘),
856 3729 1047 3767 quornm
1080 3718 1299 3757 lectiones
1332 3721 1668 3759 consentientes
1696 3722 1747 3757 ut
1774 3719 2085 3767 integerrimas
2114 3718 2204 3757 nisi
2231 3718 2381 3766 gravi-

133 3792 197 3825 ore
233 3796 366 3827 causa
402 3788 707 3828 intercedente
747 3799 839 3828 non
866 3790 1063 3838 neglexi,
1103 3788 1371 3837 praesertim
1398 3786 1455 3827 iis
1485 3788 1611 3840 locis,
1651 3788 1816 3835 quibus
1845 3788 2170 3838 Porphyrionis
2198 3787 2384 3827 scholiis

133 3852 193 3891 vel
220 3855 439 3895 lemmatis
468 3856 800 3896 confirmantur.

209 3932 425 3974 Horatius.
1975 3962 2003 3992 a
