2784 4319
985 255 1119 305 LIB.
1158 255 1200 306 Ῑ.
1237 263 1496 304 XIV—xvl

407 386 793 474 nequiquam
838 391 1101 455 Veneris
1146 389 1469 472 praesidio
1515 389 1698 455 ferox

406 484 625 560 pectes
670 478 1021 542 caesariem
1066 482 1375 558 grataque
1421 475 1675 542 feminis

400 563 627 629 inbelli
669 563 918 628 cithara
962 564 1245 627 carmina
1290 561 1554 636 divides,

578 650 966 731 nequiquam
1009 647 1293 711 thalamo
1339 669 1565 730 graves

402 768 627 834 hastas
672 774 739 833 et
782 768 1013 832 calami
1057 769 1305 851 spicula
1348 764 1566 832 Cnosii

400 855 636 919 vitabis
681 855 1145 936 strepitumque
1190 860 1257 918 et
1300 854 1574 918 celerem
1617 851 1802 934 sequi

399 941 698 1008 Aiacem:
743 946 980 1019 tamen,
1025 939 1151 1004 heu
1194 961 1394 1017 serus,
1439 939 1768 1005 adulteros

580 1028 785 1091 crines
829 1026 1090 1108 pulvere
1138 1026 1438 1090 conlines.

398 1165 537 1212 ‘non
579 1146 984 1227 Laertiaden,
1030 1147 1295 1211 exitium
1336 1153 1490 1212 tuae

398 1235 636 1316 gentis,
679 1254 808 1297 non
852 1231 1098 1317 Pylium
1140 1232 1420 1298 Nestora
1461 1231 1774 1315 respicis?

398 1325 681 1401 urguent
723 1319 1006 1401 inpavidi
1051 1324 1115 1382 te
1163 1319 1547 1383 Salaminius

582 1405 844 1484 Teucer,
888 1410 955 1470 te
1001 1404 1339 1470 Sthenelus
1384 1405 1594 1470 sciens

393 1547 677 1612 pugnae,
722 1527 855 1590 sive
896 1545 1059 1624 opus
1105 1531 1205 1590 est
1246 1526 1617 1607 imperitare
1662 1522 1862 1606 equiS,

394 1632 537 1679 non
578 1613 803 1694 auriga
844 1611 1043 1694 piger.
1088 1610 1419 1676 Merionen
1463 1629 1716 1692 quoque

394 1719 651 1765 1108088.
700 1719 850 1761 ecce
891 1697 1049 1761 furit
1090 1703 1157 1762 te
1202 1697 1486 1779 reperire
1531 1703 1719 1760 atrox

580 1784 877 1868 Tydides,
923 1782 1150 1847 melior
1194 1790 1411 1865 patre:

396 1924 601 1987 quem
643 1910 735 1983 tu,
784 1925 1004 1967 cervus
1050 1904 1143 1966 uti
1187 1902 1371 1967 vallis
1416 1903 1484 1966 in
1527 1902 1736 1966 altera

398 1991 615 2055 visum
656 1995 843 2072 parte
886 1988 1107 2071 lupum
1153 1988 1458 2070 graminis
1502 1990 1836 2068 inmemor.

395 2075 665 2142 sublimi
708 2076 911 2158 fugies
956 2074 1165 2139 mollis
1209 2074 1515 2154 anhelitn,

582 2184 711 2227 non
754 2162 877 2227 hoc
920 2161 1242 2243 pollicitus
1286 2170 1455 2226 tuae.

396 2283 722 2348 iracunda
766 2282 935 2347 diem
980 2282 1264 2364 proferet
1306 2281 1427 2345 Ilio

400 2370 849 2449 matronisque
892 2368 1212 2451 Phrygum
1257 2367 1480 2431 classis
1523 2366 1828 2432 Achillei:

396 2460 562 2541 post
605 2462 813 2517 certas
856 2453 1098 2519 hiemes
1142 2459 1286 2517 uret
1329 2454 1646 2517 Achaicus

583 2541 748 2623 ignis
792 2540 1023 2604 Iliacas
1067 2538 1331 2604 domos'.

1130 2678 1336 2751 XVI

404 2798 471 2863 O
516 2804 721 2863 matre
767 2797 1037 2895 pulchra
1080 2796 1215 2860 filia
1257 2796 1602 2878 pulchrior,

406 2904 607 2967 quem
653 2885 1007 2948 criminosis
1054 2903 1322 2963 cumque
1366 2882 1542 2946 voles
1586 2881 1846 2947 modum

501 2988 701 3053 pones
745 2969 994 3047 iambis
1041 2970 1171 3033 sive
1216 2968 1476 3033 flamma

588 3058 718 3120 sive
764 3056 930 3119 mari
974 3020 1134 3120 libet
1179 3056 1527 3119 Hadiiano.

404 3197 543 3241 non
586 3176 1003 3257 Dindymene,
1050 3195 1179 3239 non
1226 3176 1435 3257 adytis
1481 3172 1692 3255 quatit

408 3268 694 3327 mentem
739 3262 1147 3325 sacerdotum
1190 3260 1402 3323 incola
1446 3259 1727 3341 Pythius,

502 3368 631 3423 non
671 3347 867 3411 Liber
910 3368 1134 3427 aeque,
1181 3368 1309 3409 non
1355 3352 1546 3408 acuta

588 3434 641 3498 si
686 3435 1013 3515 geminant
1060 3432 1454 3515 Corybantes
1503 3450 1675 3508 aera,

408 3554 633 3617 tristes
674 3558 750 3615 ut
793 3553 949 3631 irae,
994 3573 1155 3633 quas
1203 3570 1412 3631 neque
1456 3549 1727 3612 N01icus

413 3639 703 3704 deterret
746 3639 915 3702 ensis
959 3658 1078 3701 nec
1124 3655 1302 3700 mare
1347 3634 1730 3713 naufragum

501 3744 621 3789 nec
667 3743 891 3787 saevus
934 3724 1098 3805 ignis
1146 3743 1265 3786 nec
1308 3721 1645 3783 tremendo

588 3808 877 3891 Iuppiter
918 3810 1055 3891 ipse
1101 3828 1291 3871 ruens
1336 3806 1630 3869 tumultu.

2296 258 2374 319 13

2399 566 2478 621 15

2398 1029 2480 1084 20

2397 1527 2480 1580 25

2399 1989 2482 2045 30

2402 2456 2484 2510 35

2452 3178 2488 3230 §⁹1

2411 3637 2489 3691 10
