2784 4319
1181 212 1318 262 ΜΒ.
1355 213 1396 261 Ι.
1426 220 1447 259 1
2316 220 2433 279 113

356 346 470 412 sed
514 353 731 409 tamen
777 352 993 411 amoto
1040 367 1424 428 quaeramus
1470 350 1639 413 seria
1681 351 1885 431 ludo),

351 433 477 512 ille,
523 452 779 514 gravem
825 433 984 496 duro
1031 438 1272 497 terram
1315 434 1426 515 qui
1468 436 1661 498 vertit
1710 442 1946 513 aratro,

349 518 631 601 perfidus
673 518 778 581 hic
823 539 1048 600 caup0,
1094 519 1296 598 miles,
1342 527 1723 601 nautaeque,
1770 543 1886 603 per
1930 542 2117 587 omne
2153 560 2155 565 ·

349 606 628 669 audaces
673 625 850 667 mare
898 606 1008 685 qui
1055 612 1334 684 currunt,
1381 606 1505 670 hac
1550 614 1762 671 mente
1809 608 2095 671 laborem
2432 616 2518 669 130

347 712 488 756 sese
534 690 723 769 ferre,
775 712 957 754 senes
1003 697 1078 754 ut
1119 692 1187 754 in
1231 692 1365 755 otia
1408 698 1552 756 tuta
1594 694 1917 773 recedant,

345 778 548 856 aiunt,
597 797 740 840 cum
786 777 908 841 sibi
953 778 1082 841 sint
1129 784 1433 859 congesta
1476 778 1749 843 cibaria:
1796 780 1963 845 sicut

343 862 616 946 parvula
661 863 838 945 (nam
883 863 1174 944 exemplo
1223 864 1346 946 est)
1394 865 1610 946 magni
1640 866 1921 929 ‘formica
1964 865 2204 930 laboris

344 971 458 1014 ore
505 947 708 1013 trahit
751 950 1196 1032 quodcumque
1240 954 1457 1031 potest
1501 956 1693 1031 atque
1742 952 1925 1015 addit
1970 972 2215 1031 acerve,

344 1056 541 1118 quem
585 1034 794 1114 struit,
840 1034 1014 1099 haud
1059 1037 1286 1117 ignara
1332 1058 1580 1111 aenon
1625 1038 1884 1101 incauta
1936 1036 2149 1101 futuri.
2438 1046 2515 1097 35

341 1142 534 1204 quae,
581 1120 769 1185 simul
811 1120 1128 1185 inversum
1175 1123 1513 1187 contristat
1552 1122 1871 1204 Aquarius
1916 1144 2169 1201 annum,
2256 1195 2261 1200 ,

340 1230 475 1273 11011
518 1228 789 1289 usquam
831 1208 1122 1288 prorepit
1167 1214 1233 1271 et
1275 1208 1401 1271 illis
1446 1209 1648 1272 utitur
1676 1214 1841 1271 ante

341 1294 656 1377 quaesitis
701 1294 974 1374 sapiens,
1027 1314 1169 1357 cum
1215 1299 1280 1357 te
1325 1308 1555 1375 neque*
1579 1294 1856 1358 fervidus
1904 1300 2119 1357 aestus

342 1382 700 1454 demoveat·
731 1379 927 1459 lucro,
973 1400 1180 1462 neque
1223 1380 1489 1462 hiemps,
1538 1381 1719 1461 ignis,
1764 1401 1960 1459 mare,
2008 1380 2264 1459 ferrum,

342 1467 439 1530 1111
484 1465 700 1529 obstet
745 1466 882 1544 tibi,
932 1467 1082 1530 dum
1126 1488 1206 1530 ne
1253 1468 1336 1529 sit
1380 1472 1447 1530 te
1494 1465 1689 1530 ditior
1732 1466 1913 1530 alter.
2435 1470 2513 1526 40

343 1553 504 1633 quid
549 1554 726 1615 iuvat
769 1552 1123 1615 inmensum
1168 1558 1234 1615 te
1281 1553 1529 1633 argenti
1573 1553 1822 1635 pondus
1869 1558 1934 1615 et
1978 1553 2115 1615 auri

344 1640 568 1703 furtim
615 1637 872 1701 defossa
915 1638 1210 1701 timidum
1258 1639 1579 1719 deponere
1624 1639 1845 1701 terra?

338 1718 562 1806 ‘quod,
610 1724 664 1787 si
709 1725 1095 1803 conminuas,
1141 1725 1332 1787 vilem·
1375 1726 1706 1806 redigatur
1750 1724 1835 1787 ad
1880 1720 2121 1787 assem.³

345 1816 418 1875 at
459 1811 527 1873 ni
571 1810 640 1872 id
682 1808 774 1889 fit,
809 1811 976 1891 -quid
1021 1810 1218 1873 habet
1261 1810 1950 1891 pulchri·constructus
1996 1812 2301 1874 acervus?

343 1898 524 1960 milia
569 1895 869 1959 frumenti
915 1902 1028 1960 tua
1071 1898 1319 1961 triverit
1363 1917 1516 1960 area
1562 1903 1835 1975 centum,
2437 1902 2514 1956 45

343 2003 477 2047 non
521 1987 670 2046 tuus
713 1981 836 2044 hoc
881 1983 1094 2063 capiet
1137 1990 1358 2045 venter
1402 1984 1545 2063 plus
1590 2004 1665 2046 ac
1710 2003 1919 2062 1110113,
1967 1988 2039 2046 ut
2082 1983 2138 2047 si

341 2068 686 2133 reticulum
729 2068 914 2154 panis
961 2069 1216 2131 venales
1263 2071 1433 2132 inter
1479 2075 1705 2132 onusto

343 2156 512 2220 sorte
558 2153 768 2218 vehas'
799 2175 1040 2234 umere,
1088 2155 1286 2220 nihilo
1331 2154 1475 2236 plus
1521 2156 1800 2236 accipias
1847 2177 2041 2238 quam

341 2243 456 2324 qui
499 2240 592 2304 nil
635 2241 928 2321 portarit.
974 2241 1076 2304 vel
1121 2243 1242 2320 dic,
1292 2241 1445 2323 quid
1492 2241 1733 2304 referat
1778 2241 1949 2305 intra

345 2333 617 2392 naturae
661 2325 820 2390 fines
864 2327 1117 2406 viventi,
1165 2329 1386 2408 iugera
1434 2333 1688 2390 centum
1741 2349 1824 2390 an
2440 2335 2517 2387 50

343 2413 519 2477 mille
565 2412 750 2476 aret?
787 2405 885 2474 ‘at
929 2434 1120 2476 suave
1167 2419 1265 2477 est
1309 2435 1386 2477 ex
1432 2435 1661 2494 magno
1705 2413 1931 2494 tollere
1977 2405 2239 2478 acervo.³

343 2501 499 2564 dum
546 2519 625 2562 ex
666 2519 862 2580 parvo
907 2499 1092 2562 nobis
1135 2501 1514 2562 tantundem
1559 2499 1813 2563 haurire
1858 2500 2199 2579 relinquaS,

343 2607 460 2651 cur
503 2591 618 2648 tua
659 2584 802 2665 plus
845 2584 1070 2648 laudes
1115 2587 1385 2648 cumeris
1432 2587 1729 2666 granaria
1771 2586 2050 2648 nostris?

341 2677 419 2737 ut
461 2671 582 2734 tibi
625 2672 681 2734 si
726 2672 810 2733 sit
854 2691 1012 2752 opus
1055 2671 1283 2778 liguidi
1327 2693 1455 2735 non
1500 2671 1770 2752 amplius
1814 2691 1976 2732 urna

342 2757 446 2822 vel
492 2756 740 2840 cyatho,
789 2762 853 2820 et
899 2757 1074 2820 dicas
1140 2779 1371 2838 magno
1419 2758 1499 2820 de
1542 2754 1798 2820 flumine
1844 2755 2100 2818 mallem
2440 2763 2518 2816 55

345 2865 540 2926 quam
573 2863 665 2906 ex
707 2843 830 2905 1100
864 2843 1182 2929 Δ10111101110
1229 2843 1609 2906 tantundem
1654 2833 1939 2906 sumere.²
1991 2863 2065 2904 eo
2110 2839 2202 2920 fit,

347 2930 598 3011 plenior
639 2934 713 2991 ut
758 2929 812 2991 si
857 2949 1016 3009 quos
1063 2929 1345 2993 delectet
1389 2929 1577 3011 copia
1620 2929 1808 3006 iusto,

349 3037 493 3078 cum
536 3015 678 3096 ripa
725 3014 912 3078 simul
956 3014 1207 3078 avolsos
1251 3015 1421 3078 ferat
1462 3013 1728 3078 Aufidus
1776 3035 1941 3077 acer.

348 3107 419 3165 at
465 3102 573 3182 qui
617 3099 851 3164 tantuli
899 3107 1062 3182 eget,
1111 3107 1351 3182 quanto
1400 3107 1499 3165 est
1544 3121 1721 3183 011113,
1767 3101 1821 3162 13
1867 3120 2075 3180 neque
2121 3099 2272 3162 limo

347 3187 678 3250 turbatam
721 3187 937 3250 haurit
982 3207 1215 3268 aquam
1259 3207 1468 3268 neque
1512 3187 1711 3250 vitam
1756 3187 1995 3249 amittit
2037 3186 2105 3247 in
2148 3184 2353 3248 undiS.
2440 3191 2517 3242 60

349 3277 426 3336 at·
463 3272 634 3336 bona
677 3293 829 3352 pars
873 3272 1201 3337 hominum
1250 3273 1524 3354 decepta
1569 3272 1865 3353 cupidine
1911 3271 2071 3334 falso

341 3351 459 3420 ‘nil
505 3358 660 3422 satis
707 3351 819 3421 est'
869 3359 1094 3440 inquit,
1135 3352 1314 3440 ‘quia
1357 3358 1522 3422 tanti
1568 3364 1876 3439 quantum
1918 3357 2159 3420 habeas
2211 3348 2332 3419 sis.²

355 3445 508 3524 quid
555 3443 754 3508 facias
797 3443 938 3507 illi?
981 3444 1205 3508 iubeas
1247 3443 1557 3508 miserum
1602 3465 1758 3523 esse,
1804 3442 2080 3507 libenter

357 3538 670 3610 quatenus
713 3529 782 3593 id
827 3530 1013 3610 facit3
1058 3536 1132 3593 ut
1176 3531 1437 3611 quidam
1482 3535 1875 3593 memoratur
1924 3529 2188 3592 Athenis

349 3616 654 3686 sordi-dus
701 3637 776 3678 ac
821 3616 997 3680 dives
1042 3617 1261 3698 populi
1309 3623 1713 3680 contemnere
1758 3636 1943 3679 voces
2442 3618 2517 3669 65

358 3702 450 3764 310
495 3701 750 3764 solitus:
791 3692 1091 3784 ‘populus
1135 3723 1237 3765 me
1284 3702 1517 3780 sibilat,
1566 3708 1633 3765 at
1676 3701 1832 3764 mihi
1882 3701 2118 3782 plaudo

358 3786 494 3867 ipse
542 3787 734 3866 domi,
781 3788 968 3852 simul
1013 3809 1088 3852 ac
1133 3809 1425 3852 nummos
1471 3787 1866 3870 contemplor
1910 3788 1975 3849 in
2018 3776 2205 3852 arca.³

249 3897 479 3937 Horatius.
2008 3907 2041 3955 8

209 4297 212 4300 Α
233 4251 422 4300 κ’-ιὲἓὶὲῖ-τῖ
437 4297 440 4300 Α
