2784 4319
1124 262 1259 316 ΜΒ.
1294 266 1364 316 11.
1392 273 1530 316 11-v

1163 511 1288 583 1V.

506 681 602 745 Ne
644 681 731 744 sit
775 681 1043 745 ancillae
1088 681 1206 744 tibi
1250 702 1432 745 amor
1473 682 1723 763 pudorL

505 765 787 830 Xanthia
830 766 1115 830 Phoceu:
1160 768 1337 848 prius
1380 767 1760 832 insolentem

508 873 695 916 serva
733 853 973 917 Briseis
1014 854 1198 916 niveo
1243 853 1458 917 colore

677 939 877 1002 movit
918 937 1263 1018 Achillem;

507 1058 705 1121 movit
746 1058 1009 1121 Aiacem
1053 1057 1396 1122 Telamone
1440 1064 1661 1122 natum

506 1143 713 1208 forma
756 1145 1045 1225 captivae
1091 1144 1418 1208 dominum
1460 1144 1869 1223 Tecmessae3

507 1229 667 1293 arsit
708 1229 965 1294 Atrides
1010 1231 1221 1294 medio
1267 1231 1333 1294 in
1376 1229 1698 1346 triumpho

680 1315 921 1396 virgine
966 1322 1173 1397 rapta,

504 1432 821 1498 barbarae
862 1441 1205 1517 postquam
1248 1435 1538 1499 cecidere
1581 1441 1828 1498 turmae

506 1517 809 1584 Thessalo
853 1522 1095 1584 victore
1138 1527 1205 1584 et
1247 1521 1585 1601 ademptus
1630 1519 1870 1584 Hector

502 1606 774 1670 tradidit
816 1605 1000 1671 fessis
1044 1606 1283 1670 leviora
1324 1606 1466 1670 tolli

674 1691 991 1774 Pergama
1034 1693 1238 1756 Grais.

504 1811 752 1876 nescias
798 1834 879 1874 an
923 1818 987 1876 te
1032 1832 1335 1893 generum
1378 1811 1554 1875 beati

503 1896 809 1980 Phyllidis
854 1895 1056 1960 flavae
1103 1898 1408 1961 decorent
1451 1902 1780 1978 parentes:

504 1983 747 2064 regium
794 1989 967 2046 certe
1012 2003 1229 2064 geum,
1276 1989 1343 2046 et
1384 1989 1652 2064 penates

677 2074 921 2132 maeret
962 2070 1230 2150 iniquos,

505 2189 695 2253 crede
738 2210 867 2253 non
911 2189 1091 2253 illam
1131 2189 1250 2252 tibi
1296 2190 1377 2263 de
1423 2188 1698 2252 scelesta

503 2274 692 2359 plebe
737 2276 1057 2353 dilectam,
1100 2296 1309 2357 neque
1355 2275 1448 2338 sic
1491 2272 1767 2353 fidelem,

504 2361 595 2425 sic
640 2360 817 2425 lucro
862 2382 1152 2424 aversam
1194 2362 1479 2442 potuisse
1525 2361 1702 2423 nasci

676 2452 883 2510 matre
926 2447 1244 2529 pudenda.

506 2566 809 2631 bracchia
854 2572 921 2629 et
962 2566 1205 2630 voltum
1248 2572 1612 2647 teretesque
1659 2585 1840 2629 suras

503 2653 751 2734 integer
790 2650 1017 2717 laudo:
1062 2652 1210 2734 fuge
1255 2653 1586 2734 suspicari,

506 2739 683 2802 cuius
728 2743 1022 2802 octavum
1064 2738 1414 2819 trepidavit
1457 2743 1635 2801 aetas

676 2824 975 2888 claudere
1017 2824 1305 2887 lustrum.

1176 3011 1265 3085 V.

504 3182 802 3247 Nondum
848 3182 1115 3247 subacta
1154 3182 1325 3246 ferre
1368 3183 1586 3263 iugum
1627 3180 1799 3244 valet

504 3270 769 3349 cervice,
814 3270 1096 3333 nondum
1140 3269 1356 3332 munia
1401 3268 1694 3348 conparis

592 3374 868 3437 aequare
912 3376 1032 3418 nec
1075 3356 1244 3418 tauri
1286 3354 1530 3417 ruentis

675 3440 743 3503 in
785 3460 1081 3504 venerem
1125 3440 1404 3503 tolerare
1454 3438 1736 3519 pondus.

504 3560 677 3625 circa
717 3561 995 3625 virentes
1040 3566 1139 3624 est
1182 3560 1430 3623 animus
1474 3564 1622 3621 tuae

504 3665 767 3729 campos
808 3646 1131 3724 iuvencae,
1177 3666 1344 3708 nunc
1385 3643 1592 3708 fluviis
1635 3662 1894 3725 gravem

592 3731 859 3796 solantis
902 3738 1169 3809 aestum,
1213 3751 1382 3794 nunc
1427 3732 1492 3793 in
1535 3729 1664 3793 udo

674 3816 898 3881 ludere
944 3838 1087 3881 cum
1128 3816 1341 3879 vitulis
1386 3815 1609 3879 salicto

2277 259 2352 321 31

2380 1525 2462 1579 10

2379 2461 2461 2515 20
