2784 4319
351 2444 422 2495 10

352 2875 421 2926 15

348 3304 424 3355 20

349 3731 425 3784 25

863 796 2252 991 EPISTULARUM

1190 1109 1434 1186 LIBER
1487 1107 1944 1186 SECUNDUS.

1537 1485 1597 1560 Ι.

544 1661 703 1726 Cum
744 1666 845 1724 tot
889 1659 1206 1724 sustineas
1254 1665 1319 1721 et
1361 1661 1548 1720 tanta
1590 1661 1850 1738 negotia
1895 1655 2086 1735 solus,

542 1769 647 1812 res
690 1746 890 1810 Italas
936 1746 1130 1808 armis
1175 1745 1425 1821 tuteriS,
1470 1743 1754 1806 moribus
1801 1763 2008 1820 ornes,

541 1833 788 1931 legibus
835 1831 1153 1909 emendeS,
1198 1831 1265 1893 in
1310 1827 1568 1912 publiea
1613 1829 1948 1892 commoda
1988 1848 2272 1910 peccem,

545 1921 599 1983 si
641 1919 831 1999 longo
878 1937 1167 1981 sermone
1211 1937 1424 1980 morer
1466 1921 1580 1978 tua
1625 1921 1936 1997 tempora,
1987 1913 2244 1978 Caesar.

546 2004 849 2068 Romulus
896 2008 962 2066 et
1004 2003 1197 2066 Liber
1241 2008 1430 2084 pater
1475 2007 1540 2064 et
1586 2023 1729 2064 cum
1775 2000 2040 2065 Castore
2085 1999 2334 2078 Pollux,

546 2097 691 2173 post
736 2089 1020 2171 ingentia
1062 2088 1237 2152 facta
1281 2088 1548 2152 deorum
1590 2089 1657 2150 in
1699 2087 1943 2169 templa
1985 2086 2248 2168 recepti,

546 2178 698 2241 dum
740 2183 948 2240 terras
990 2175 1444 2257 hominumque
1493 2174 1711 2239 colunt
1755 2195 1971 2257 genus,
2019 2193 2250 2255 aspera
2293 2168 2464 2235 bella

514 2268 930 2344 conponunt,
978 2282 1167 2359 agros
1212 2261 1570 2343 adsignant,
1617 2260 1855 2343 oppida
1901 2260 2202 2339 condunt,

548 2349 877 2431 ploravere
924 2348 1054 2411 suis
1086 2369 1227 2411 11011
1270 2347 1658 2444 respondere
1701 2346 1985 2410 favorem

548 2440 874 2517 speratum
916 2435 1178 2497 meritis
1228 2434 1434 2497 diram
1480 2434 1589 2513 qui
1635 2433 1926 2497 contudit
1971 2431 2244 2514 hydram

546 2526 827 2602 notaque
871 2520 1054 2584 fatali
1098 2510 1400 2601 portenta
1441 2519 1664 2583 labore
1709 2519 1978 2599 subegit,

548 2607 837 2688 conperit
879 2606 1181 2669 invidiam
1227 2626 1522 2703 supremo
1567 2603 1693 2667 fine
1752 2604 2016 2668 domari.

545 2694 675 2757 urit
720 2692 888 2756 enim
931 2691 1178 2773 fulgore
1224 2712 1358 2770 SUO,
1407 2691 1518 2772 qui
1558 2695 1942 2771 praegravat
1985 2694 2159 2753 artes

546 2779 712 2842 infra
757 2800 825 2842 se
870 2778 1146 2859 positas:
1194 2778 1512 2841 extinctus
1557 2777 1877 2841 amabitur
1921 2776 2109 2839 idem.

546 2864 872 2947 praesenti
917 2864 1037 2927 tibi
1078 2869 1365 2927 maturos
1409 2862 1718 2944 largimur
1759 2862 2035 2927 honores

548 2950 977 3031 iurandasque
1021 2956 1202 3013 tuum
1243 2970 1361 3031 per
1405 2970 1639 3013 numen
1682 2949 1975 3030 ponimus
2021 2969 2188 3027 araS,

546 3036 639 3100 nil
683 3036 995 3099 oriturum
1041 3036 1220 3114 alias,
1265 3033 1355 3098 nil
1402 3040 1613 3097 ortum
1654 3035 1786 3098 tale
1832 3035 2127 3099 fatentes.

548 3122 664 3187 sed
706 3127 855 3185 tuus
899 3121 1004 3184 hio
1046 3119 1341 3202 populus,
1386 3122 1642 3201 sapiens
1689 3128 1755 3184 et
1797 3122 2002 3184 iustus
2046 3121 2114 3183 in
2157 3140 2304 3197 uno,

548 3215 613 3271 te
666 3206 901 3271 nostris
944 3206 1230 3286 ducibus,
1277 3212 1344 3271 te
1390 3206 1578 3271 Grais
1625 3207 2059 3285 anteferendO,

552 3298 767 3357 cetera
810 3314 1215 3373 nequaquam
1259 3292 1451 3357 simili
1493 3294 1742 3356 ratione
1788 3293 2104 3372 modoque

552 3379 851 3443 aestimat
896 3385 978 3458 et,
1026 3379 1149 3442 nisi
1193 3400 1358 3460 quae
1404 3379 1592 3443 terris
1639 3383 1886 3443 semota
1931 3379 2188 3458 suisque

550 3463 945 3547 temporibus
991 3464 1293 3529 defuncta
1335 3465 1528 3545 videt,
1575 3465 1824 3529 fastidit
1869 3472 1936 3529 et
1979 3464 2133 3543 odit,
2689 3416 2708 3562 d

554 3552 646 3615 sio
688 3550 903 3616 fautor
946 3558 1251 3631 veterum,
1295 3556 1369 3614 ut
1412 3550 1668 3616 tabulas
1711 3571 1980 3632 peecare
2026 3556 2336 3626 vetanteS,

552 3658 710 3719 quas
754 3636 854 3703 bis
900 3637 1181 3719 quinque
1224 3637 1344 3701 viri
1389 3644 1756 3717 sanxerunt,
1802 3636 2067 3701 foedera
2110 3656 2332 3717 regum
2683 3565 2704 3716 Ι

550 3724 650 3787 vel
694 3723 916 3788 Gabiis
960 3722 1061 3787 vel
1108 3743 1252 3787 eum
1294 3722 1516 3805 rigidis
1564 3728 1843 3805 aequata
1887 3722 2160 3802 Sabinis,

555 3808 927 3891 pontificum
971 3809 1189 3889 libros»,
1238 3830 1482 3873 annosa
1524 3808 1846 3873 volumina
1890 3814 2107 3873 vatum
2678 3722 2698 3950 1
