2784 4319
479 253 601 310 110

379 650 458 703 10

385 1080 457 1131 15

383 1510 462 1561 20

381 1939 462 1989 25

385 2365 465 2418 30

385 2795 464 2848 35

383 3225 465 3278 40

383 3652 466 3708 45

1312 242 1917 293 HORATIEPODON

783 385 1106 464 citumque
1152 388 1328 444 retro
1374 380 1567 459 solve,
1612 380 1785 443 solve
1829 379 2167 443 turbinem.

785 471 984 533 movit
1027 474 1332 549 nepotem
1377 465 1694 547 Telephus
1736 466 2059 544 Nereium‚

785 557 848 619 in
895 574 1084 636 quem
1129 552 1443 635 superbus
1487 552 1823 616 ordinarat
1866 554 2122 634 agmina

785 641 1108 723 Mysorum
1153 646 1222 702 et
1265 639 1330 701 in
1377 659 1567 718 quem
1610 638 1743 701 tela
1788 644 1979 701 acuta
2023 643 2325 701 torserat.

783 747 1020 791 unxere
1059 729 1304 789 matres
1348 722 1507 787 Iliae
1553 724 1882 787 addictum
1925 724 2077 787 feris

785 813 1044 877 alitibus
1090 819 1283 893 atque
1329 810 1595 873 canibus
1640 810 2027 874 homicidam
2071 810 2443 886 Hectorem,

783 905 1125 982 postquam
1167 896 1410 961 relictis
1454 896 1785 960 moenibus
1830 917 1945 959 rex
1986 896 2267 977 procidit

783 986 908 1050 heu
950 983 1303 1066 pervicacis
1348 982 1434 1047 ad
1477 982 1676 1063 pedes
1722 981 2008 1045 Achillei.

783 1078 1040 1135 saetosa
1083 1069 1260 1133 duris
1307 1088 1539 1132 exuere
1585 1068 1856 1149 pellibus

783 1154 1086 1221 laboriosi
1129 1156 1407 1235 remiges
1452 1153 1662 1219 Ulixei

783 1243 1036 1307 volente
1080 1238 1268 1305 Circa
1310 1239 1627 1304 membra:
1675 1246 1825 1303 tunc
1870 1261 2048 1304 mens
2092 1244 2160 1303 et
2203 1258 2400 1303 sonus

783 1329 1072 1408 relapsus
1117 1333 1311 1408 atque
1355 1331 1547 1389 notus
1592 1327 1659 1389 in
1702 1326 1909 1389 voltus
1953 1326 2177 1390 honor.

786 1416 936 1479 dedi
981 1413 1138 1477 satis
1184 1432 1503 1494 superque
1546 1432 1897 1492 poenarum
1942 1412 2079 1489 tibi,

789 1506 1006 1564 amata
1048 1499 1262 1563 nautis
1307 1497 1579 1560 multum
1624 1503 1691 1561 et
1734 1498 2151 1561 institoribus.

793 1586 955 1667 fugit
997 1585 1306 1663 iuventas⁷
1353 1589 1421 1646 et
1461 1583 1856 1647 verecundus
1904 1584 2079 1647 color

793 1671 1053 1752 reliquit
1097 1690 1243 1734 ossa
1286 1669 1454 1751 pelle
1500 1671 1737 1733 amicta
1777 1669 2007 1748 lurida,

791 1759 917 1821 tuis
963 1755 1230 1837 capillus
1277 1755 1460 1819 albus
1506 1761 1605 1819 est
1648 1755 1970 1833 odoribus,

796 1842 1037 1905 nullum
1082 1863 1122 1905 a
1164 1841 1385 1904 labore
1431 1862 1535 1905 me
1576 1842 1849 1905 reclinat
1892 1842 2125 1905 otium:

795 1934 1021 2010 urguet
1066 1926 1235 1990 diem
1280 1948 1408 1991 nox
1452 1933 1519 1990 et
1560 1928 1698 1991 dies
1742 1934 2015 2003 noctem,
2064 1946 2269 2008 neque
2312 1930 2412 1991 est

791 2015 1004 2079 levare
1049 2019 1230 2077 tenta
1275 2013 1503 2095 spiritu
1546 2013 1943 2095 praecordia.

793 2121 944 2182 ergo
989 2104 1292 2183 negatum
1334 2100 1554 2164 vincor
1596 2105 1670 2163 ut
1712 2099 1970 2164 credam
2014 2100 2225 2179 miser,

796 2186 1051 2252 Sabella
1094 2192 1318 2268 pectus
1363 2186 1698 2267 increpare
1743 2187 2045 2264 carmina,

794 2279 1111 2355 caputque
1155 2272 1370 2334 Marsa
1416 2271 1688 2335 dissilire
1730 2273 1938 2336 nenia.

793 2359 947 2440 quid
992 2357 1264 2439 amplius
1306 2357 1448 2421 vis‘?
1494 2379 1531 2422 o
1576 2378 1753 2420 mare
1800 2364 1866 2421 et
1908 2364 2101 2434 terra,
2150 2357 2365 2435 arde0‚

795 2451 1104 2526 quantum
1147 2464 1354 2525 neque
1402 2450 1542 2508 atro
1591 2443 1911 2507 delibutus
1956 2444 2265 2508 Hercules

793 2530 977 2594 Nessi
1024 2550 1248 2593 cruore
1293 2550 1413 2592 nec
1461 2530 1692 2593 Sicana
1735 2529 1980 2593 fervida

791 2619 1000 2680 virens
1045 2617 1112 2678 in
1155 2617 1364 2678 Aetna
1407 2614 1695 2678 flamma:
1742 2622 1833 2694 tn,
1880 2616 2085 2680 donec
2132 2616 2290 2680 cinis

791 2702 1112 2766 iniuriosis
1159 2702 1374 2765 aridus
1418 2703 1623 2764 ventis
1667 2701 1857 2779 ferar,

794 2788 964 2852 cales
1009 2789 1266 2850 venenis
1312 2786 1568 2851 officina
1614 2785 1944 2850 Colchicis

793 2895 958 2956 quae
1001 2873 1146 2937 finis
1189 2879 1301 2936 aut
1346 2873 1518 2954 quod
1563 2894 1663 2935 me
1709 2879 1927 2936 manet
1970 2872 2403 2954 stipendium?

794 2959 1020 3024 effare!
1068 2961 1272 3023 iussas
1319 2981 1463 3022 cum
1504 2957 1633 3023 fide
1677 2979 1918 3041 poenas
1963 2959 2154 3037 luam,

792 3051 1058 3128 paratus
1103 3046 1380 3126 expiare,
1428 3066 1541 3108 seu
1582 3045 1952 3126 poposceris

794 3138 1049 3195 centum
1081 3132 1409 3209 iuvencos,
1456 3131 1586 3194 sive
1630 3130 1923 3193 mendaci
1967 3130 2105 3212 lyra

793 3216 965 3281 voles
1011 3217 1224 3280 sonari
1261 3210 1361 3280 ‘tu
1404 3217 1657 3296 pudica,
1701 3223 1773 3278 tu
1815 3215 2020 3296 proba

792 3301 1267 3385 perambulabis
1312 3308 1489 3366 astra
1534 3303 1707 3365 sidus
1753 3295 2054 3365 aureum'.

793 3388 1047 3452 infamis
1075 3388 1376 3452 -Helenae
1422 3387 1652 3452 Castor
1696 3386 1971 3451 offensus
2016 3389 2221 3452 vicem

795 3475 1120 3555 fraterque
1165 3475 1382 3554 magni
1427 3472 1730 3552 CastoriS‚
1775 3474 1929 3537 victi
1970 3494 2163 3554 prece

795 3561 1100 3642 adempta
1141 3561 1273 3623 vati
1298 3559 1656 3624 'reddidere
1699 3557 1971 3623 lumina:

799 3652 866 3710 et
907 3652 998 3724 tu,
1042 3651 1227 3728 potes
1270 3667 1440 3722 nam,
1486 3646 1658 3709 solve
1702 3666 1803 3708 me
1850 3645 2191 3724 dementia,

798 3752 837 3796 o
883 3751 1002 3795 nec
1044 3733 1329 3814 paternis
1375 3730 1668 3795 obsoleta
1718 3731 2030 3808 sordibuS‚

795 3837 916 3882 nec
957 3818 1025 3880 in
1069 3816 1421 3899 sepulchris
1464 3838 1815 3899 pauperum
1859 3817 2139 3899 prudens
2184 3837 2343 3881 anus
