2784 4319
246 455 328 510 30

251 885 331 942 35

254 1313 333 1368 40

258 1745 335 1798 45

275 3210 351 3262 10

278 3640 354 3692 15

356 229 475 289 192
990 241 994 246 ’
1091 225 1365 274 HORATI
1403 223 1909 274 EPISTULARUM

455 367 779 445 temperat
825 361 1131 426 Alcaeus:
1181 361 1293 425 sed
1340 361 1531 426 rebus
1579 366 1644 426 et
1690 361 1910 424 ordine
1959 361 2178 442 dispar

456 470 574 512 nec
622 469 916 512 socerum
960 448 1232 530 quaerit,
1282 469 1470 529 quem
1515 447 1802 512 versibus
1851 447 2094 511 oblinat
2139 449 2318 526 atris»,

456 556 576 598 nec
624 555 899 616 sponsae
944 533 1245 616 laqueum
1290 535 1538 598 famoso
1585 535 1864 598 carmine
1909 527 2156 596 nectit.’

457 621 627 684 hunc
675 641 813 702 eg0,
858 640 989 683 non
1035 620 1161 683 alio
1209 621 1452 684 dictum
1495 619 1672 702 prius
1719 641 1848 697 ore,
1893 619 2160 684 Latinus

457 706 712 790 volgavi
754 705 1023 786 fidicen3
1068 706 1244 769 iuvat
1288 707 1711 770 inmemorata
1753 705 2068 770 ferentem

458 792 753 875 ingenuis
800 792 1127 874 oculisque
1172 791 1299 874 legi
1342 793 1763 874 manibusque
1808 791 2033 856 teneri.

460 881 622 944 scire
668 878 845 957 velis.
893 899 1039 942 mea
1084 899 1197 942 cm·
1240 879 1530 960 ingratus
1576 877 1884 960 opuscula
1925 878 2130 941 lector

459 966 684 1030 laudet
728 970 1027 1047 ametque
1073 964 1265 1043 domi,
1310 970 1565 1046 premat
1609 970 1792 1028 extra
1833 963 2030 1028 limen
2073 964 2366 1046 iniquus:

456 1072 588 1115 non
635 1073 752 1134 ego
799 1058 1103 1116 ventosae
1146 1050 1353 1132 plebis
1401 1049 1704 1134 suffragia
1746 1071 1944 1115 venor

459 1138 745 1220 inpensis
792 1158 1097 1202 cenarum
1143 1143 1207 1200 et
1250 1137 1444 1201 tritae
1487 1158 1750 1201 munere
1795 1136 2025 1217 vestis3

459 1245 590 1290 non
636 1245 775 1306 eg0,
822 1223 1132 1288 nobilium
1178 1224 1561 1304 scriptorum
1605 1223 1864 1286 auditor
1909 1227 1977 1287 et
2017 1223 2208 1301 ultor,

460 1310 915 1394 grammaticas
963 1309 1205 1374 ambire
1253 1309 1458 1373 tribus
1505 1316 1572 1373 et
1613 1309 1866 1392 pulpita
1911 1309 2154 1390 dignor.

459 1398 611 1460 hinc
656 1396 808 1461 illae
853 1395 1177 1460 lacrimae.
1220 1389 1472 1482 ‘spissis
1513 1395 1777 1477 indigna
1820 1393 2090 1473 theatris

462 1484 706 1565 scripta
748 1483 952 1588 pudet
994 1482 1269 1546 recitare
1316 1486 1382 1546 et
1424 1481 1609 1564 nugis
1656 1481 1895 1544 addere
1938 1473 2207 1563 pondus²

464 1569 517 1634 si
564 1568 715 1649 dixi,
747 1636 753 1641 ,
784 1561 973 1632 rides’
1026 1568 1135 1646 ait,
1178 1561 1273 1631 ‘et
1315 1565 1482 1631 Iovis
1529 1567 1790 1631 auribus
1836 1567 1963 1631 ista

465 1676 714 1720 servas:
760 1654 907 1719 fidis
954 1655 1123 1718 enim
1166 1675 1429 1718 manare
1474 1654 1732 1736 poetica
1775 1652 1969 1717 mella

427 1748 528 1806 ·te
575 1742 801 1822 solum,
846 1740 966 1805 tibi
1010 1733 1311 1822 pulcher.³
1364 1740 1450 1804 ad
1492 1739 1653 1804 haec
1701 1760 1817 1821 ego
1861 1738 2124 1803 naribus
2169 1738 2260 1801 uti

463 1827 740 1902 formido
789 1833 871 1907 et,
918 1826 1223 1890 luctantis
1272 1831 1460 1889 acuto
1507 1847 1588 1890 ne
1635 1847 1815 1889 secer
1857 1826 2071 1907 ungui,

461 1907 787 1995 ‘displicet
831 1913 954 1977 iste
999 1905 1195 1976 locus'
1248 1911 1453 1975 clamo
1502 1917 1567 1976 et
1612 1911 1858 1978 diludia
1901 1931 2114 1992 posco,

466 1999 657 2064 ludus
704 1999 874 2063 enim
920 1998 1139 2080 genuit
1182 1999 1505 2078 trepidum
1552 2008 1876 2086 certamen
1923 2003 1988 2061 et
2029 1998 2213 2074 iram,

468 2086 567 2150 ira
610 2091 825 2149 truces
870 2083 1237 2148 inimicitias
1284 2091 1349 2148 et
1394 2085 1660 2148 funebre
1706 2083 1963 2147 bellum.

1425 2276 1598 2350 XX.
1669 2356 1679 2364 .

470 2432 891 2494 Vertumnum
935 2429 1306 2511 Ianumque,
1352 2430 1536 2510 liber,
1583 2433 1876 2511 spectare
1920 2428 2174 2506 videris,

472 2518 719 2581 scilicet
762 2523 835 2581 ut
877 2523 1130 2598 prostes
1178 2516 1504 2581 Sosiorum
1548 2516 1800 2597 pumice
1844 2515 2135 2579 mundus.

473 2603 667 2668 odisti
714 2601 925 2667 claves
972 2608 1039 2667 et
1084 2608 1269 2684 grata
1314 2601 1527 2685 sigilla
1570 2602 1826 2683 pudice,

471 2688 696 2771 paucis
742 2688 995 2752 ostendi
1040 2688 1239 2769 gemis
1287 2694 1353 2752 et
1397 2688 1759 2751 communia
1802 2687 2049 2765 laudaS‚

470 2796 600 2839 non
645 2774 741 2837 ita
783 2774 1079 2838 nutritus
1126 2774 1273 2854 fuge
1321 2795 1447 2855 quo
1497 2773 1884 2838 descendere
1931 2773 2158 2855 gestis:

472 2881 602 2925 non
649 2860 773 2925 erit
817 2861 1049 2924 emisso
1094 2860 1340 2924 reditus
1385 2859 1525 2923 tibi.
1566 2852 1749 2941 ‘quid
1793 2860 1987 2923 miser
2030 2860 2178 2941 egi?

475 2947 629 3028 quid
675 2939 913 3009 volu'i‘?
963 2945 1155 3024 diceS‚
1201 2946 1312 3009 ubi
1357 2946 1510 3027 quid
1557 2950 1622 3009 te
1665 2944 1959 3025 laeserit3
2011 2952 2076 3008 et
2120 2945 2246 3009 scis

474 3035 541 3095 in
585 3032 778 3096 breve
822 3037 888 3095 te
936 3032 1095 3113 cogi,
1144 3053 1288 3095 cum
1330 3032 1558 3113 plenus
1605 3031 1867 3113 languet
1912 3036 2178 3095 amator.

477 3118 709 3200 quodsi
751 3138 881 3181 non
925 3117 1073 3182 odio
1118 3118 1446 3199 peccantis
1492 3110 1728 3199 desipit
1773 3138 1992 3199 augur.

478 3226 666 3269 carus
712 3203 838 3269 eris
882 3204 1142 3283 Romae,
1192 3205 1396 3267 donec
1437 3209 1505 3267 te
1553 3204 1811 3267 deserat
1855 3208 2068 3267 aetas:

480 3294 916 3353 contrectatus
959 3289 1071 3353 ubi
1114 3289 1409 3354 manibus
1455 3290 1824 3353 sordescere
1867 3288 2038 3371 volgi

460 3376 790 3457 coeperis,
838 3381 951 3438 aut
992 3376 1201 3439 tineas
1245 3396 1473 3457 pasces
1516 3376 1874 3439 taciturnus
1919 3376 2159 3439 inertes
2237 3424 2240 3427 .

482 3466 596 3525 aut
640 3462 844 3544 fugies
889 3461 1146 3525 Uticam
1190 3467 1304 3525 aut
1345 3461 1594 3525 vinctus
1637 3462 1910 3524 mitteris
1952 3460 2250 3524 Ilerdam.

482 3546 723 3611 ridebit
762 3546 1042 3611 monitor
1083 3568 1213 3611 non
1258 3547 1617 3626 exauditus,
1661 3552 1736 3609 ut
1778 3545 1905 3626 ille,

483 3633 595 3713 qui
638 3632 807 3697 male
852 3640 1187 3715 parentem
1231 3634 1297 3696 in
1340 3654 1534 3714 rupes
1578 3632 1890 3714 protrusit
1934 3632 2204 3695 asellum

483 3720 719 3783 iratus:
766 3720 909 3801 quis
956 3719 1125 3783 enim
1168 3719 1438 3782 invitum
1481 3739 1736 3782 servare
1780 3717 2032 3782 laboret
2046 3719 2076 3779 ¹?

482 3805 607 3868 hoc
651 3825 907 3887 quoque
951 3810 1018 3869 te
1062 3809 1298 3884 manet,
1344 3809 1419 3868 ut
1459 3824 1694 3886 pueros
1741 3803 2056 3868 elementa
2101 3804 2454 3871 docentem

2346 19 2357 30 a*
2389 17 2537 37 .·ΓἺ“”’-

2391 46 2396 56 ι
