2784 4319
322 1431 498 1516 10st

324 1901 427 1978 15-

319 2383 401 2441 20

1203 230 1479 282 HORATI
1516 228 1789 280 CARMIN
1797 229 1899 280 ΠΜ

1439 467 1643 542 VIII.

829 623 979 688 Ulla
1023 623 1077 689 si
1119 621 1275 689 iuris
1317 621 1438 687 tibi
1480 621 1752 704 peierati

829 729 1057 792 poena,
1101 708 1354 787 Barine,
1400 708 1725 772 nocuisset
1764 727 2085 788 umquam,

831 795 1022 860 dente
1067 793 1123 859 si
1163 795 1346 876 nigro
1389 791 1578 858 fieres
1620 793 1724 858 vel
1765 814 1892 858 uno

1001 879 1250 960 turpior
1270 880 1507 960 ungui,

831 999 1189 1064 crederem:
1235 998 1350 1064 sed
1392 1003 1466 1062 tu
1510 997 1697 1063 simul
1740 997 2039 1080 obligasti

829 1083 1143 1166 perfidum
1185 1085 1349 1148 votis
1396 1089 1605 1165 caput,
1652 1083 1945 1148 enitescis

831 1169 1158 1252 pulchrior
1199 1169 1401 1234 multo
1445 1171 1864 1252 iuvenumque
1908 1167 2127 1250 prodis

1000 1254 1259 1336 publica
1301 1276 1471 1321 cura.

830 1375 1354 1543 ῗέιῗὲἒὲὲῗῗὲἲῗ
1391 1377 1958 1522 ἓὲὲῗέἑὲΡέοῗὲἑ

831 1546 1014 1630 signa
1057 1565 1203 1608 cum
1245 1543 1425 1608 caelo
1470 1543 1807 1627 gelidaque
1850 1543 2028 1608 divos

1001 1634 1208 1694 morte
1251 1633 1560 1694 carentes.

829 1747 1001 1813 ridet
1040 1747 1182 1828 hoc,
1227 1747 1507 1829 inquam,
1551 1747 1767 1812 Venus
1807 1747 1966 1828 ipsa,
2010 1747 2221 1810 rident

833 1833 1152 1915 simplices
1193 1833 1543 1916 Nymphae,
1590 1833 1762 1898 ferus
1808 1839 1874 1898 et
1918 1831 2183 1914 Cupido,

831 1939 1084 2000 semper
1127 1919 1425 1982 ardentes
1470 1939 1707 1983 acuens
1750 1919 2017 2001 sagittas

1004 2009 1146 2068 cote
1193 2009 1473 2067 cruenta.

833 2121 1001 2189 adde
1047 2123 1217 2205 quod
1260 2123 1463 2205 pubes
1507 2122 1626 2187 tibi
1671 2123 1901 2187 crescit
1944 2122 2167 2204 omnis,

831 2211 1099 2273 servitus
1145 2210 1374 2273 crescit
1417 2230 1599 2287 nova,
1643 2230 1761 2273 nec
1804 2210 2050 2290 priores

830 2295 1043 2377 inpiae
1085 2300 1327 2367 tectum
1371 2292 1665 2359 dominae
1709 2294 2093 2376 relinquunt,

1002 2400 1194 2462 saepe
1236 2380 1480 2443 minati.
1597 2444 1601 2451 ,

830 2504 898 2563 te
942 2500 1074 2564 suis
1115 2504 1353 2563 matres
1397 2504 1689 2564 metuunt
1728 2496 2029 2575 iuvencis,

830 2590 898 2648 te
942 2605 1125 2649 senes
1166 2586 1364 2667 parci,
1409 2586 1805 2665 miseraeque
1849 2604 2053 2665 nuper

831 2670 1104 2753 virgines
1147 2674 1404 2751 nuptae,
1449 2676 1563 2733 tua
1604 2691 1685 2734 ne
1728 2668 2043 2734 retardet·

999 2776 1158 2821 aura
1199 2756 1481 2820 maritos.

1479 2960 1613 3033 IX.

829 3128 973 3193 Non
1017 3149 1270 3211 semper
1309 3129 1545 3194 imbres
1589 3130 1863 3195 nubibus
1905 3130 2193 3212 hispidos

830 3220 1095 3279 manant
1135 3216 1203 3277 in
1245 3236 1435 3297 agros
1479 3221 1592 3279 aut
1634 3236 1811 3280 mare
1857 3216 2157 3299 Caspium

914 3305 1148 3365 vexant
1187 3299 1558 3382 inaequales
1600 3301 1920 3382 procellae

998 3405 1219 3466 usque,
1264 3404 1382 3449 nec
1424 3385 1740 3451 Armeniis
1784 3388 1851 3451 in
1895 3388 2042 3467 oriS,

828 3505 1033 3569 amice
1075 3503 1280 3585 Valgi,
1325 3508 1457 3569 stat
1498 3504 1735 3588 glacies
1784 3506 1955 3570 iners

827 3609 1079 3654 menses
1119 3609 1238 3671 per
1279 3610 1500 3655 omnes
1543 3596 1656 3655 aut
1696 3591 2115 3673 Aquilonibus

914 3679 1217 3757 querceta
1261 3672 1542 3756 Gargani
1583 3676 1880 3741 laborant

970 3765 1065 3823 ·et
1107 3759 1275 3824 foliis
1319 3761 1660 3825 viduantur
1703 3762 1873 3828 orni:
