2784 4319
306 191 309 194 ⁴
374 189 479 250 ’96

211 581 376 638 '30

302 2119 379 2171 10

302 2548 379 2599 15

302 2975 379 3027 20

301 3402 382 3457 25

1234 180 1387 230 HOR
1395 179 1512 230 ΑΤΙ
1543 178 1840 228 EPODON

708 339 981 401 pecusve
1028 315 1317 384 Calabris
1362 321 1513 380 ante
1559 316 1734 380 sidus
1778 315 2092 380 fervidum

877 403 1139 476 Lucana
1181 407 1389 466 mutet
1431 403 1706 483 pascuiS,
2239 468 2244 471 ,

705 512 911 573 neque
956 496 1031 553 ut
1074 487 1331 571 superni
1374 487 1527 551 villa
1571 487 1850 552 candens
1893 487 2150 552 Tusculi

883 575 1149 640 Circaea
1191 578 1420 656 tangat
1462 575 1732 638 moenia.

692 639 864 728 'satis
910 682 1226 744 superque
1270 681 1373 723 me
1418 659 1780 742 benignitas
1824 665 1938 724 tua

882 749 1111 812 ditavit
1127 770 1141 812 :
1157 747 1360 826 1haud
1411 766 1744 829 paravero,

709 836 881 918 quod
926 839 1039 899 aut
1082 849 1309 899 avarus
1352 838 1428 896 ut
1473 831 1772 896 Chremes
1817 837 1992 896 terra
2033 831 2342 913 premam,

880 921 1225 986 discinctus
1270 925 1384 983 aut
1425 919 1693 1000 perdam
1735 939 1952 1000 nepos⁰

1387 1145 1487 1221 Π.

704 1335 965 1398 ‘Beatus
1010 1334 1137 1414 ille,
1184 1335 1295 1415 qui
1337 1335 1564 1415 procul
1606 1333 1898 1416 negotiiS,

879 1425 955 1484 ut
996 1421 1211 1502 prisca
1254 1441 1408 1501 gens
1453 1419 1838 1498 mortalium,

707 1512 981 1589 paterna
1022 1527 1173 1569 rura
1217 1505 1422 1569 bobus
1471 1511 1724 1569 exercet
1768 1507 1916 1585 suiS,

880 1591 1124 1656 solutus
1170 1591 1343 1655 omni
1384 1599 1665 1670 menore,

708 1699 915 1760 neque
960 1679 1279 1741 excitatur
1322 1677 1588 1741 classico
1635 1678 1816 1743 miles
1860 1679 2046 1758 truci,

878 1784 1085 1845 neque
1129 1763 1352 1828 horret
1394 1765 1630 1826 iratum
1675 1785 1870 1845 mare,

706 1851 1043 1931 forumque
1085 1850 1249 1912 vitat
1293 1854 1361 1912 et
1405 1849 1680 1930 superba
1725 1851 1953 1914 civium

882 1936 1319 2016 potentiorum
1362 1934 1600 1998 limina.

710 2043 861 2104 ergo
907 2027 1021 2085 aut
1064 2020 1287 2086 adulta
1328 2022 1552 2088 vitium
1596 2023 1947 2104 propagine
2068 2033 2077 2040 '

848 2107 1047 2172 'altas
1092 2108 1356 2172 maritat
1398 2108 1687 2190 populos,

708 2199 821 2259 aut
863 2195 932 2258 in
975 2194 1245 2258 reducta
1287 2194 1454 2258 valle
1499 2196 1917 2276 mugientium

878 2284 1253 2361 prospectat
1297 2286 1584 2343 errantes
1631 2301 1872 2362 greges,

706 2366 1045 2430 inutilesve
1088 2366 1255 2429 falce
1298 2386 1512 2430 ramos
1565 2372 1906 2447 amputans

880 2451 1199 2516 feliciores
1240 2452 1485 2531 inserit,

708 2543 822 2602 aut
862 2558 1087 2620 pressa
1128 2538 1305 2620 puris
1349 2536 1544 2601 mella
1588 2538 1807 2601 condit
1851 2538 2193 2620 amphoris,

850 2628 1007 2687 aut
1043 2623 1272 2688 tondet
1312 2622 1596 2687 infirmas
1643 2645 1819 2703 oves3

706 2710 809 2773 vel
854 2730 997 2773 cum
1044 2710 1347 2773 decorum
1390 2710 1652 2773 mitibus
1695 2711 1902 2791 pomis
1957 2716 2150 2835 caput

880 2796 1239 2859 Autumnus
1285 2797 1456 2876 agris
1490 2796 1748 2874 extulit,

706 2886 782 2945 ut
825 2881 1065 2962 gaudet
1108 2882 1363 2943 insitiva
1410 2881 1758 2963 decerpens
1802 2883 1964 2963 pira,

885 2972 1241 3031 certantem
1286 2972 1352 3030 et
1395 2986 1583 3031 uvam
1626 2986 1965 3049 purpurae,
2023 2998 2031 3002 ·

710 3073 839 3134 qua
881 3058 1251 3115 muneretur
1294 3056 1379 3131 te,
1427 3052 1676 3134 Priape
1724 3058 1790 3116 et
1832 3058 1918 3132 te,
1963 3060 2152 3134 pater

886 3136 1157 3218 Silvam,
1206 3143 1382 3201 tutor
1423 3137 1661 3201 finium.

711 3223 873 3288 libet
914 3224 1124 3287 iacere
1169 3221 1387 3287 modo
1408 3225 1524 3288 sub
1571 3226 1834 3306 antiqua
1877 3225 2041 3305 ilice,

883 3310 1074 3373 modo
1120 3310 1187 3372 in
1231 3312 1446 3373 tenaci
1490 3310 1805 3408 gramine:

708 3397 1014 3461 labuntur
1058 3396 1205 3458 altis
1248 3396 1508 3459 interim
1551 3397 1707 3478 ripis
1753 3417 1976 3478 aquae,

885 3482 1279 3562 queruntur
1260 3502 1328 3544 m
1369 3480 1546 3544 silvis
1592 3503 1758 3560 aves

712 3568 1048 3648 fontesque
1092 3565 1363 3649 lymphis
1411 3567 1790 3665 obstrepunt
1831 3507 2260 3647 manantihuffi

886 3672 1143 3716 somnos
1189 3652 1361 3734 quod
1405 3653 1632 3717 invitet
1674 3654 1862 3719 leves.

712 3743 783 3801 at
830 3758 975 3801 cum
1019 3739 1305 3801 tonantis
1351 3760 1554 3803 annus
1597 3740 1899 3806 hibernus
1943 3740 2110 3803 Iovis
