2784 4319
970 242 1103 293 ΗΒ.
1138 245 1230 295 IV.
1265 252 1500 294 xlv—xv

500 383 563 441 te
604 399 733 443 non
776 379 1068 460 paventis
1112 377 1339 443 funera
1382 378 1631 443 Galliae

499 465 821 546 duraeque
864 463 1054 528 tellus
1099 464 1283 530 audit
1324 463 1648 543 Hiberiae,

580 557 646 614 te
691 550 888 614 caede
934 550 1286 632 gaudentes
1332 550 1666 634 Sygambri

666 637 1014 719 conpositis
1056 643 1442 700 venerantur
1483 638 1696 728 armis.

1134 775 1301 850 XV.

491 893 787 959 Phoebus
830 895 1151 959 volentem
1192 895 1442 976 proelia
1485 916 1588 960 me
1631 895 1810 976 loqui

491 980 692 1045 victas
736 987 805 1044 et
847 982 1038 1046 urbes
1080 982 1399 1062 increpuit
1441 981 1596 1063 lyra,

578 1087 658 1130 ne
700 1087 901 1148 parva
944 1065 1339 1150 Tyrrhenum
1382 1087 1502 1148 per
1545 1086 1790 1147 aequor

662 1151 805 1216 vela
849 1153 1089 1217 darem.
1134 1158 1265 1232 tua,
1312 1151 1568 1230 Caesar,
1613 1161 1794 1215 aetas

492 1271 706 1354 fruges
753 1278 820 1336 et
863 1273 1035 1354 agris
1077 1271 1329 1336 rettulit
1370 1271 1602 1336 uberes

493 1364 561 1422 et
601 1359 785 1440 signa
826 1364 1047 1423 nostro
1092 1359 1377 1422 restituit
1418 1358 1554 1422 Iovi

577 1443 845 1526 derepta
888 1444 1273 1509 Parthorum
1316 1444 1610 1526 superbis

660 1531 953 1612 postibus
998 1537 1066 1594 et
1106 1552 1377 1601 vacuum
1421 1529 1652 1594 duellis

492 1647 715 1714 Ianum
759 1649 1006 1728 Quirini
1049 1651 1281 1718 clausit
1324 1656 1391 1714 et
1434 1650 1723 1715 ordinem

489 1743 737 1800 rectum
781 1738 1077 1818 evaganti
1118 1736 1301 1800 frena
1343 1736 1644 1802 licentiae

576 1823 796 1887 iniecit
839 1823 1200 1904 emovitque
1247 1823 1468 1904 culpas

664 1914 730 1972 et
771 1914 1023 1972 veteres
1066 1910 1389 1973 revocavit
1433 1914 1626 1988 artes,

488 2048 606 2108 per
648 2047 807 2110 quas
845 2027 1147 2092 Latinum
1189 2048 1422 2092 nomen
1468 2034 1534 2092 et
1575 2026 1780 2092 Italae

490 2134 743 2179 crevere
786 2115 955 2179 vires
996 2114 1295 2198 famaque
1341 2120 1409 2179 et
1450 2115 1677 2197 imperi

571 2208 873 2284 porrecta
914 2202 1219 2266 maiestas
1265 2202 1349 2265 ad
1396 2208 1574 2266 ortus

659 2288 812 2352 solis
856 2287 939 2351 ab
984 2288 1296 2369 Hesperio
1342 2286 1552 2351 cubili.

488 2408 754 2473 custode
798 2429 1014 2472 rerum
1058 2406 1335 2473 Caesare
1379 2430 1508 2473 non
1555 2408 1733 2472 furor

488 2494 689 2558 civilis
734 2500 848 2558 aut
889 2495 983 2558 vis
1029 2495 1243 2575 exiget
1286 2495 1507 2573 otium,

568 2601 701 2645 non
742 2581 859 2658 ira,
907 2601 1073 2662 quae
1114 2580 1417 2661 procudit
1460 2600 1643 2645 enses

660 2671 727 2730 et
769 2667 1035 2731 miseras
1080 2666 1368 2729 inimicat
1412 2665 1620 2730 urbes.

488 2806 615 2851 non
658 2786 769 2868 qui
811 2785 1199 2868 profundum
1242 2784 1602 2849 Danuvium
1644 2785 1872 2849 bibunt

488 2872 701 2936 edicta
742 2878 1044 2954 rumpent
1084 2871 1265 2951 Iulia,
1311 2893 1441 2935 non
1485 2871 1706 2949 Getae,

489 3038 497 3047 ⁸
570 2980 700 3021 non
745 2956 933 3022 Seres
977 2956 1233 3021 infidive
1278 2957 1534 3036 Persae,

655 3063 784 3107 non
829 3043 1075 3107 Tanain
1117 3063 1319 3124 prope
1362 3042 1598 3107 flumen
1644 3044 1788 3108 orti.

488 3184 727 3246 nosque
772 3169 840 3228 et
882 3162 1184 3245 profestis
1227 3163 1477 3227 lucibus
1522 3170 1589 3227 et
1631 3165 1831 3229 sacris

488 3249 654 3314 inter
694 3250 895 3314 iocosi
939 3270 1207 3313 munera
1249 3249 1484 3328 Liberi,

574 3356 718 3400 cum
759 3335 941 3417 prole
985 3336 1424 3417 matronisque
1467 3337 1704 3399 nostris

656 3422 780 3485 rite
824 3421 981 3485 deos
1023 3422 1200 3504 prius
1245 3421 1596 3503 adprecati‚

491 3542 721 3606 virtute
762 3540 1020 3606 functos
1063 3562 1240 3607 more
1284 3547 1542 3623 patrum
1587 3541 1782 3607 duces

492 3625 678 3710 Lydis
722 3629 995 3692 remixto
1042 3629 1321 3692 carmine
1365 3625 1540 3691 tibiis

572 3713 951 3795 Troiamque
998 3719 1066 3779 et
1105 3712 1426 3778 Anchisen
1471 3719 1538 3776 et
1579 3712 1788 3777 almae

655 3800 1027 3881 progeniem
1069 3798 1335 3863 Veneris
1379 3819 1697 3863 canemus.

998 3946 1031 3957 .-

2271 245 2348 308 91

2376 469 2462 524 50

2375 1738 2456 1792 10

2329 2200 2452 2259 '15

2367 2674 2450 2726 20

2363 3170 2448 3227 2⁵

2363 3634 2446 3691 80
