2784 4319
970 235 1105 283 LIB.
1144 235 1213 283 11.
1250 241 1507 282 xv--xvu

521 377 583 434 te
626 390 852 453 greges
897 375 1154 434 centum
1198 369 1575 451 Siculaeque
1621 369 1862 434 circum

472 476 477 482 ·
517 458 805 540 mugiunt
846 477 1099 536 vaccae,
1142 456 1264 520 tibi
1304 455 1476 519 tollit
1518 454 1835 518 hinnitum

517 548 669 624 apta
712 541 1039 625 quadrigis
1084 563 1267 624 equa,
1312 548 1379 605 te
1421 540 1522 605 bis
1566 541 1720 604 Afro

686 630 927 693 murice
970 630 1213 692 tinctae

516 750 792 812 vestiunt
833 748 1050 812 lanae:
1098 748 1254 812 mihi
1296 767 1496 830 parva
1539 767 1690 809 rura
1735 751 1800 808 et

517 835 807 915 spiritum
852 833 1083 899 Graiae
1128 840 1385 897 tenuem
1431 831 1747 905 Camenae

516 920 717 984 Parca
760 941 888 984 non
931 921 1208 984 mendax
1252 920 1433 982 dedit
1477 923 1542 982 et
1585 917 1931 1000 malignum

686 1027 987 1088 spernere
1032 1006 1269 1087 volgus,

1158 1141 1406 1214 XVII.

519 1259 645 1344 Cur
687 1281 789 1325 me
834 1259 1135 1358 querellis
1180 1261 1507 1324 exanimas
1551 1259 1678 1324 tuis
1694 1259 1725 1322 ⁴?

518 1364 635 1410 nec
681 1347 781 1410 dis
826 1347 1102 1410 amicum
1148 1352 1249 1410 est
1288 1362 1410 1409 nec
1451 1345 1608 1408 mihi
1651 1350 1718 1408 te
1761 1345 1938 1427 prius

547 1499 555 1503 ,
608 1431 805 1520 obire,
850 1431 1210 1511 Maecenas,
1256 1452 1546 1495 mearum

690 1514 929 1600 grande
976 1518 1170 1591 decus
1216 1517 1634 1598 columenque
1678 1537 1910 1580 rerum.

517 1659 574 1718 a,
624 1645 685 1703 te
732 1659 913 1702 meae
959 1638 1013 1702 si
1055 1643 1309 1720 partem
1353 1638 1604 1700 animae
1649 1637 1826 1717 rapit

516 1725 827 1788 maturior
866 1725 980 1803 1116,
1028 1724 1182 1804 quid
1226 1743 1444 1804 mor-or
1487 1723 1710 1800 altera,

595 1831 717 1889 nec
762 1831 947 1874 carus
992 1830 1195 1891 aeque
1237 1831 1358 1873 1166
1402 1814 1722 1889 superstes

683 1896 977 1987 integer?
1020 1895 1128 1959 ille
1174 1896 1311 1959 dies
1353 1901 1692 1976 utramque

508 2015 706 2079 ducet
746 2017 1013 2080 ruinam.
1060 2036 1188 2079 non
1233 2035 1349 2096 ego
1397 2013 1710 2095 perfidum

516 2101 646 2167 dixi
690 2105 1191 2167 sacramentum.
1235 2100 1486 2181 ibimus,
1529 2099 1778 2179 ibimuS‚
1855 2107 1859 2112 “

600 2194 942 2269 utcumque
986 2188 1353 2269 praecedes,
1401 2203 1766 2268 supremum

580 2288 588 2296 ·
686 2290 949 2355 carpere
992 2274 1119 2337 iter
1162 2274 1426 2337 comites
1469 2274 1698 2353 parati.

516 2413 618 2457 me
660 2414 781 2457 nec
824 2392 1199 2477 Chimaerae
1243 2394 1502 2473 spiritus
1546 2393 1790 2473 igneae,

516 2492 654 2557 nec,
680 2479 755 2543 'si
797 2484 1108 2560 resurgat,
1156 2479 1552 2543 centimanus
1598 2477 1766 2560 Gyas

602 2564 863 2629 divellet
902 2578 1239 2645 umquam:i
1283 2564 1375 2629 sic
1419 2566 1667 2645 potenti

684 2650 975 2715 Iustitiae
1018 2649 1453 2731 placitumque
1494 2649 1732 2713 Parcis,

516 2788 628 2833 seu
670 2764 886 2835 Libra
910 2790 1024 2833 seu
1066 2790 1168 2833 me
1215 2768 1518 2851 Scorpios
1558 2770 1788 2850 aspicit

516 2853 986 2934 formidolosuS,
1031 2876 1181 2937 pars
1226 2854 1565 2918 violentior

600 2940 837 3005 natalis
879 2940 1097 3019 horae,
1144 2959 1259 3005 seu
1301 2946 1610 3023 tyrannus

690 3026 1041 3108 Hesperiae
1088 3025 1511 3108 Capricornus
1555 3026 1785 3102 undae,

515 3150 853 3226 utrumque
896 3151 1186 3209 nostrum
1228 3144 1590 3209 incredibili
1633 3145 1852 3207 modo

516 3232 832 3295 consentit
864 3236 1136 3300 astrum.
1180 3235 1249 3294 te
1291 3229 1458 3294 Iovis
1501 3231 1674 3312 inpio

598 3316 806 3380 tutela
850 3311 1143 3380 Saturno
1170 3316 1493 3398 refulgens

654 3403 921 3485 eripuit
961 3401 1360 3484 volucrisque
1406 3401 1523 3465 fati

514 3520 793 3586 tardavit
836 3522 993 3601 alae,
1040 3543 1185 3585 cum
1226 3520 1501 3603 populus
1545 3520 1844 3601 frequens

514 3604 756 3673 laetum
798 3606 1068 3677 theatris
1112 3611 1213 3670 ter
1258 3606 1506 3688 crepuit
1551 3625 1806 3670 sonum:

598 3712 701 3755 me
745 3697 1009 3756 truncus
1051 3692 1339 3773 inlapsus
1384 3689 1646 3755 cerebro

686 3778 1051 3857 sustulerat,
1098 3778 1221 3841 nisi
1245 3777 1520 3839 -Faunus
1564 3776 1787 3839 ictum-

2282 236 2363 298 41

2389 546 2470 601 35

2391 1009 2474 1063 40

2395 2105 2472 2158 10

2401 2570 2478 2624 15

2401 3032 2480 3087 20

2401 3528 2480 3581 25
