2784 4319
409 288 491 349 70

283 820 365 875 25

281 1299 364 1356 80

279 1780 359 1837 35

279 2263 360 2317 40

275 2793 356 2851 45

273 3275 356 3332 50

271 3771 452 3824 55·

1180 286 1458 337 HORATI
1494 284 1877 339 CARMINUM

797 422 1078 487 hostium
1121 441 1353 487 uxores
1397 423 1707 520 puerique
1754 444 1979 489 caecos

800 508 1082 573 sentiant
1122 513 1334 605 motus
1379 508 1645 573 orientis
1688 510 1907 573 Austri
1954 515 2019 573 et

799 594 1096 677 aequoris
1140 593 1331 691 nigri
1349 592 1677 658 fremitum
1722 600 1789 658 et
1832 600 2185 661 trementes

969 678 1234 743 verbere
1275 678 1471 761 ripaS.

798 817 891 881 sic
937 822 1004 883 et
1045 816 1304 898 Europe
1349 816 1605 880 niveum
1650 816 1872 881 doloso

798 901 1075 967 credidit
1117 907 1304 968 tauro
1348 899 1520 967 latus
1567 906 1634 966 et
1676 908 2029 967 scatentem

797 988 1003 1054 beluis
1046 992 1316 1070 pontum
1359 987 1733 1069 mediasque
1778 988 2038 1053 fraudes

965 1074 1199 1157 palluit
1241 1073 1473 1137 audax.

793 1232 1002 1293 nuper
1042 1211 1109 1275 in
1151 1209 1355 1293 pratis
1403 1210 1691 1275 studiosa
1732 1209 1961 1275 florum
2005 1217 2075 1277 et

797 1296 1054 1363 debitae
1098 1296 1408 1380 Nymphis
1454 1295 1671 1379 opifex
1714 1316 2007 1377 coronae,

793 1388 984 1447 nocte
1030 1382 1336 1447 sublustri
1380 1382 1540 1445 nihil
1586 1388 1763 1447 astra
1804 1389 2065 1465 praeter

967 1469 1130 1533 vidit
1173 1473 1241 1533 et
1281 1467 1507 1532 undas.

795 1627 960 1689 quae
1005 1604 1196 1675 simul
1239 1609 1496 1670 centum
1539 1606 1755 1688 tetigit
1796 1610 2129 1688 potentem

795 1691 1048 1775 oppidis
1094 1688 1346 1771 Creten,
1389 1690 1617 1773 ‘‚pater
1664 1710 1701 1756 o
1747 1692 2042 1757 relictum

793 1776 964 1842 filiae
1007 1797 1243 1842 nomen
1285 1740 1641 1861 pietasque’
1690 1777 1852 1841 dixit

965 1862 1158 1927 ‘victa
1200 1862 1449 1927 furore!

791 2000 964 2065 unde
1009 2020 1136 2082 quo
1180 2000 1370 2065 veni?
1414 2000 1589 2065 levis·
1614 2022 1743 2067 una
1787 2021 1959 2065 mors
2006 2007 2105 2065 est

793 2087 1108 2170 virginum
1153 2086 1398 2170 culpae.
1442 2086 1793 2170 vigilansne
1836 2085 2020 2170 ploro
2104 2106 2109 2113 ·

793 2178 981 2256 turpe
1026 2174 1432 2272 conmissum,
1479 2195 1563 2238 an
1606 2175 1775 2238 vitiis
1822 2179 2147 2238 carentem

964 2258 1132 2324 ludit
1173 2260 1386 2342 imago

791 2419 976 2479 vana,
1022 2418 1189 2482 quae
1231 2403 1425 2481 porta
1467 2398 1716 2480 fugiens
1762 2396 2006 2462 eburna

795 2485 1112 2550 somnium
1157 2485 1335 2550 ducit
1349 2485 1380 2548 ⁴?
1425 2484 1735 2548 meliusne
1778 2481 2011 2547 fluctus

793 2571 888 2636 ire
929 2591 1049 2653 per
1089 2570 1316 2654 longos
1359 2569 1501 2650 fuit,
1548 2591 1633 2634 an
1673 2573 1967 2634 recentes
2024 2638 2035 2662 ¹

965 2677 1230 2739 carpere
1274 2655 1468 2721 flores
1482 2620 1514 2721 ’P

789 2795 856 2860 si
890 2795 1033 2877 quis
1075 2793 1381 2858 infamem
1425 2793 1583 2858 mihi
1626 2813 1795 2856 nunc
1837 2792 2175 2856 iuvencum

791 2879 991 2946 dedat
1031 2879 1258 2959 iratae,
1302 2879 1591 2944 lacerare
1635 2879 1806 2942 ferro
1853 2882 1921 2942 et
2128 2939 2131 2942 ,

789 2965 1084 3048 frangere
1130 2965 1340 3029 enitar
1381 2964 1573 3029 modo
1618 2965 1891 3028 multum
1933 2961 2132 3027 amati

963 3071 1203 3115 cornua
1245 3049 1533 3115 monstri.

787 3187 1102 3270 inpudens
1146 3187 1304 3270 liqui
1345 3187 1593 3270 patrios
1636 3191 1923 3268 penate8‚

788 3272 1104 3371 inpudens
1149 3271 1386 3337 Orcum
1430 3293 1663 3338 moror.
1710 3293 1747 3339 0
1794 3272 2064 3338 deorum

789 3355 845 3425 si
890 3358 1033 3442 quis
1075 3358 1237 3424 haec
1281 3358 1485 3439 audis,
1528 3359 1779 3423 utinam
1822 3358 1992 3423 inter
2036 3375 2245 3422 errem

960 3444 1136 3510 nuda
1177 3445 1430 3510 leones!

741 3648 750 3654 ,
788 3586 1134 3667 antequam
1178 3581 1386 3663 turpis
1430 3581 1670 3646 macies
1715 3581 2017 3646 decentes

789 3671 1061 3749 occupet
1104 3667 1309 3732 malas
1354 3672 1745 3749 teneraeque
1790 3685 1979 3730 sucus

787 3751 1031 3819 defluat
1071 3753 1372 3836 praedae,
1420 3754 1713 3836 speciosa
1756 3771 1995 3835 quaero

960 3859 1224 3921 pascere
1269 3839 1488 3921 tigres
