<?xml version="1.0" encoding="UTF-8"?>
<!DOCTYPE html PUBLIC "-//W3C//DTD XHTML 1.0 Transitional//EN"
    "http://www.w3.org/TR/xhtml1/DTD/xhtml1-transitional.dtd">
<html xmlns="http://www.w3.org/1999/xhtml" xml:lang="en" lang="en">
 <head>
  <title>
</title>
<meta http-equiv="Content-Type" content="text/html;charset=utf-8" />
  <meta name='ocr-system' content='tesseract 3.04.00' />
  <meta name='ocr-capabilities' content='ocr_page ocr_carea ocr_par ocr_line ocrx_word'/>
</head>
<body>
  <div class='ocr_page' id='page_1' title='image "./qhoratiiflaccic00petsgoog_0070.png"; bbox 0 0 2784 4319; ppageno 0'>
   <div class='ocr_carea' id='block_1_1' title="bbox 259 477 339 531">
    <p class='ocr_par' dir='ltr' id='par_1_1' title="bbox 259 477 339 531">
     <span class='ocr_line' id='line_1_1' title="bbox 259 477 339 531; baseline 0 0"><span class='ocrx_word' id='word_1_1' title='bbox 259 477 339 531; x_wconf 75' lang='lat'>15</span> 
     </span>
    </p>
   </div>
   <div class='ocr_carea' id='block_1_2' title="bbox 251 939 340 993">
    <p class='ocr_par' dir='ltr' id='par_1_2' title="bbox 251 939 340 993">
     <span class='ocr_line' id='line_1_2' title="bbox 251 939 340 993; baseline 0.011 -1"><span class='ocrx_word' id='word_1_2' title='bbox 251 939 340 993; x_wconf 75' lang='lat'>20</span> 
     </span>
    </p>
   </div>
   <div class='ocr_carea' id='block_1_3' title="bbox 259 1432 340 1486">
    <p class='ocr_par' dir='ltr' id='par_1_3' title="bbox 259 1432 340 1486">
     <span class='ocr_line' id='line_1_3' title="bbox 259 1432 340 1486; baseline 0 0"><span class='ocrx_word' id='word_1_3' title='bbox 259 1432 340 1486; x_wconf 83' lang='lat'>25</span> 
     </span>
    </p>
   </div>
   <div class='ocr_carea' id='block_1_4' title="bbox 257 1849 524 1948">
    <p class='ocr_par' dir='ltr' id='par_1_4' title="bbox 257 1849 524 1948">
     <span class='ocr_line' id='line_1_4' title="bbox 257 1849 524 1948; baseline 0.004 -1"><span class='ocrx_word' id='word_1_4' title='bbox 257 1895 342 1948; x_wconf 84' lang='lat'>30</span> <span class='ocrx_word' id='word_1_5' title='bbox 413 1926 419 1932; x_wconf 92' lang='lat'>-</span> <span class='ocrx_word' id='word_1_6' title='bbox 449 1849 524 1864; x_wconf 44' lang='lat' dir='ltr'>&#39;w</span> 
     </span>
    </p>
   </div>
   <div class='ocr_carea' id='block_1_5' title="bbox 258 2356 340 2409">
    <p class='ocr_par' dir='ltr' id='par_1_5' title="bbox 258 2356 340 2409">
     <span class='ocr_line' id='line_1_5' title="bbox 258 2356 340 2409; baseline 0 0"><span class='ocrx_word' id='word_1_7' title='bbox 258 2356 340 2409; x_wconf 83' lang='lat'>35</span> 
     </span>
    </p>
   </div>
   <div class='ocr_carea' id='block_1_6' title="bbox 260 2819 342 2873">
    <p class='ocr_par' dir='ltr' id='par_1_6' title="bbox 260 2819 342 2873">
     <span class='ocr_line' id='line_1_6' title="bbox 260 2819 342 2873; baseline -0.012 0"><span class='ocrx_word' id='word_1_8' title='bbox 260 2819 342 2873; x_wconf 82' lang='lat'>40</span> 
     </span>
    </p>
   </div>
   <div class='ocr_carea' id='block_1_7' title="bbox 1140 165 1838 216">
    <p class='ocr_par' dir='ltr' id='par_1_7' title="bbox 1140 165 1838 216">
     <span class='ocr_line' id='line_1_7' title="bbox 1140 165 1838 216; baseline 0 -2"><span class='ocrx_word' id='word_1_9' title='bbox 1140 165 1416 214; x_wconf 78' lang='lat' dir='ltr'>HORATI</span> <span class='ocrx_word' id='word_1_10' title='bbox 1454 165 1838 216; x_wconf 76' lang='lat' dir='ltr'>CARMINUM</span> 
     </span>
    </p>
   </div>
   <div class='ocr_carea' id='block_1_8' title="bbox 666 299 2230 556">
    <p class='ocr_par' dir='ltr' id='par_1_8' title="bbox 666 299 2230 556">
     <span class='ocr_line' id='line_1_8' title="bbox 667 299 2230 386; baseline 0.001 -21"><span class='ocrx_word' id='word_1_11' title='bbox 667 299 822 382; x_wconf 85' lang='lat' dir='ltr'>quid</span> <span class='ocrx_word' id='word_1_12' title='bbox 867 301 1136 386; x_wconf 88' lang='lat' dir='ltr'>quisque</span> <span class='ocrx_word' id='word_1_13' title='bbox 1177 301 1356 380; x_wconf 82' lang='lat' dir='ltr'>vitet,</span> <span class='ocrx_word' id='word_1_14' title='bbox 1400 321 1745 382; x_wconf 88' lang='lat' dir='ltr'><strong>numquam</strong></span> <span class='ocrx_word' id='word_1_15' title='bbox 1786 299 2027 366; x_wconf 81' lang='lat' dir='ltr'>homini</span> <span class='ocrx_word' id='word_1_16' title='bbox 2070 302 2230 366; x_wconf 83' lang='lat' dir='ltr'>satis</span> 
     </span>
     <span class='ocr_line' id='line_1_9' title="bbox 666 386 2094 468; baseline -0.001 -17"><span class='ocrx_word' id='word_1_17' title='bbox 666 392 926 452; x_wconf 84' lang='lat' dir='ltr'>cautum</span> <span class='ocrx_word' id='word_1_18' title='bbox 971 394 1070 451; x_wconf 90' lang='lat' dir='ltr'>est</span> <span class='ocrx_word' id='word_1_19' title='bbox 1111 387 1179 452; x_wconf 91' lang='lat' dir='ltr'>in</span> <span class='ocrx_word' id='word_1_20' title='bbox 1220 386 1433 450; x_wconf 89' lang='lat' dir='ltr'>horas.</span> <span class='ocrx_word' id='word_1_21' title='bbox 1478 388 1694 453; x_wconf 83' lang='lat' dir='ltr'>navita</span> <span class='ocrx_word' id='word_1_22' title='bbox 1737 386 2094 468; x_wconf 80' lang='lat' dir='ltr'>Bosporum</span> 
     </span>
     <span class='ocr_line' id='line_1_10' title="bbox 751 471 1945 556; baseline 0 -20"><span class='ocrx_word' id='word_1_23' title='bbox 751 472 1003 536; x_wconf 87' lang='lat' dir='ltr'>Poenus</span> <span class='ocrx_word' id='word_1_24' title='bbox 1045 472 1481 556; x_wconf 77' lang='lat' dir='ltr'>perhorrescit</span> <span class='ocrx_word' id='word_1_25' title='bbox 1522 493 1729 554; x_wconf 87' lang='lat' dir='ltr'>neque</span> <span class='ocrx_word' id='word_1_26' title='bbox 1771 471 1945 536; x_wconf 86' lang='lat' dir='ltr'>ultra</span> 
     </span>
    </p>
   </div>
   <div class='ocr_carea' id='block_1_9' title="bbox 839 557 1764 636">
    <p class='ocr_par' dir='ltr' id='par_1_9' title="bbox 839 557 1764 636">
     <span class='ocr_line' id='line_1_11' title="bbox 839 557 1764 636; baseline 0.001 -16"><span class='ocrx_word' id='word_1_27' title='bbox 839 579 1036 622; x_wconf 89' lang='lat' dir='ltr'>caeca</span> <span class='ocrx_word' id='word_1_28' title='bbox 1076 557 1280 621; x_wconf 82' lang='lat' dir='ltr'>timet</span> <span class='ocrx_word' id='word_1_29' title='bbox 1303 557 1565 622; x_wconf 81' lang='lat' dir='ltr'><strong>aliunde</strong></span> <span class='ocrx_word' id='word_1_30' title='bbox 1610 558 1764 636; x_wconf 82' lang='lat' dir='ltr'>fata,</span> 
     </span>
    </p>
   </div>
   <div class='ocr_carea' id='block_1_10' title="bbox 665 675 1916 1018">
    <p class='ocr_par' dir='ltr' id='par_1_10' title="bbox 665 675 1916 1018">
     <span class='ocr_line' id='line_1_12' title="bbox 667 675 1851 760; baseline 0 -20"><span class='ocrx_word' id='word_1_31' title='bbox 667 675 850 741; x_wconf 89' lang='lat' dir='ltr'>miles</span> <span class='ocrx_word' id='word_1_32' title='bbox 895 677 1164 760; x_wconf 77' lang='lat' dir='ltr'><strong>sagittas</strong></span> <span class='ocrx_word' id='word_1_33' title='bbox 1209 682 1275 740; x_wconf 87' lang='lat' dir='ltr'>et</span> <span class='ocrx_word' id='word_1_34' title='bbox 1319 677 1592 742; x_wconf 88' lang='lat' dir='ltr'>celerem</span> <span class='ocrx_word' id='word_1_35' title='bbox 1636 677 1851 758; x_wconf 82' lang='lat' dir='ltr'>fugam</span> 
     </span>
     <span class='ocr_line' id='line_1_13' title="bbox 665 761 1916 841; baseline 0.002 -15"><span class='ocrx_word' id='word_1_36' title='bbox 665 761 906 841; x_wconf 79' lang='lat' dir='ltr'>Parthi,</span> <span class='ocrx_word' id='word_1_37' title='bbox 953 768 1212 826; x_wconf 85' lang='lat' dir='ltr'>catenas</span> <span class='ocrx_word' id='word_1_38' title='bbox 1255 761 1531 826; x_wconf 86' lang='lat' dir='ltr'>Parthus</span> <span class='ocrx_word' id='word_1_39' title='bbox 1576 769 1642 827; x_wconf 91' lang='lat' dir='ltr'>et</span> <span class='ocrx_word' id='word_1_40' title='bbox 1684 761 1916 828; x_wconf 87' lang='lat' dir='ltr'>Italum</span> 
     </span>
     <span class='ocr_line' id='line_1_14' title="bbox 751 847 1662 929; baseline 0.002 -19"><span class='ocrx_word' id='word_1_41' title='bbox 751 847 979 920; x_wconf 88' lang='lat' dir='ltr'>robur:</span> <span class='ocrx_word' id='word_1_42' title='bbox 1027 847 1142 912; x_wconf 86' lang='lat' dir='ltr'>sed</span> <span class='ocrx_word' id='word_1_43' title='bbox 1184 848 1532 929; x_wconf 72' lang='lat' dir='ltr'>inprovisa·</span> <span class='ocrx_word' id='word_1_44' title='bbox 1550 847 1662 912; x_wconf 84' lang='lat' dir='ltr'>leti</span> 
     </span>
     <span class='ocr_line' id='line_1_15' title="bbox 763 933 1856 1018; baseline 0.001 -23"><span class='ocrx_word' id='word_1_45' title='bbox 763 999 772 1004; x_wconf 66' lang='grc'>,</span> <span class='ocrx_word' id='word_1_46' title='bbox 838 935 932 998; x_wconf 82' lang='lat' dir='ltr'>vis</span> <span class='ocrx_word' id='word_1_47' title='bbox 975 933 1194 1015; x_wconf 83' lang='lat' dir='ltr'>rapuit</span> <span class='ocrx_word' id='word_1_48' title='bbox 1235 935 1571 1018; x_wconf 79' lang='lat' dir='ltr'>rapietque</span> <span class='ocrx_word' id='word_1_49' title='bbox 1616 939 1856 1017; x_wconf 67' lang='lat' dir='ltr'>gentes</span> 
     </span>
    </p>
   </div>
   <div class='ocr_carea' id='block_1_11' title="bbox 667 1053 2081 1390">
    <p class='ocr_par' dir='ltr' id='par_1_11' title="bbox 667 1053 2081 1390">
     <span class='ocr_line' id='line_1_16' title="bbox 667 1053 2081 1136; baseline 0 -20"><span class='ocrx_word' id='word_1_50' title='bbox 667 1073 861 1134; x_wconf 90' lang='lat' dir='ltr'>quam</span> <span class='ocrx_word' id='word_1_51' title='bbox 903 1073 1110 1135; x_wconf 90' lang='lat' dir='ltr'>paene</span> <span class='ocrx_word' id='word_1_52' title='bbox 1149 1053 1371 1124; x_wconf 64' lang='lat' dir='ltr'>,furvae</span> <span class='ocrx_word' id='word_1_53' title='bbox 1416 1075 1617 1136; x_wconf 87' lang='lat' dir='ltr'>regna</span> <span class='ocrx_word' id='word_1_54' title='bbox 1657 1053 2081 1136; x_wconf 80' lang='lat' dir='ltr'>Proserpinae</span> 
     </span>
     <span class='ocr_line' id='line_1_17' title="bbox 669 1137 1807 1205; baseline -0.002 -1"><span class='ocrx_word' id='word_1_55' title='bbox 669 1144 737 1204; x_wconf 92' lang='lat' dir='ltr'>et</span> <span class='ocrx_word' id='word_1_56' title='bbox 777 1137 1167 1205; x_wconf 85' lang='lat' dir='ltr'>iudicantem</span> <span class='ocrx_word' id='word_1_57' title='bbox 1210 1139 1483 1203; x_wconf 83' lang='lat' dir='ltr'>vidimus</span> <span class='ocrx_word' id='word_1_58' title='bbox 1526 1139 1807 1204; x_wconf 87' lang='lat' dir='ltr'>Aeacum</span> 
     </span>
     <span class='ocr_line' id='line_1_18' title="bbox 753 1224 1859 1307; baseline -0.002 -18"><span class='ocrx_word' id='word_1_59' title='bbox 753 1224 1066 1306; x_wconf 86' lang='lat' dir='ltr'>sedesque</span> <span class='ocrx_word' id='word_1_60' title='bbox 1111 1224 1453 1307; x_wconf 80' lang='lat' dir='ltr'>discriptas</span> <span class='ocrx_word' id='word_1_61' title='bbox 1497 1227 1748 1307; x_wconf 91' lang='lat' dir='ltr'>piorum</span> <span class='ocrx_word' id='word_1_62' title='bbox 1792 1230 1859 1288; x_wconf 87' lang='lat' dir='ltr'>et</span> 
     </span>
     <span class='ocr_line' id='line_1_19' title="bbox 837 1308 1774 1390; baseline -0.002 -16"><span class='ocrx_word' id='word_1_63' title='bbox 837 1310 1079 1374; x_wconf 86' lang='lat' dir='ltr'>Aeoliis</span> <span class='ocrx_word' id='word_1_64' title='bbox 1121 1308 1355 1374; x_wconf 86' lang='lat' dir='ltr'>fidibus</span> <span class='ocrx_word' id='word_1_65' title='bbox 1402 1316 1774 1390; x_wconf 72' lang='lat' dir='ltr'>querentem</span> 
     </span>
    </p>
   </div>
   <div class='ocr_carea' id='block_1_12' title="bbox 670 1428 1891 1769">
    <p class='ocr_par' dir='ltr' id='par_1_12' title="bbox 670 1428 1875 1683">
     <span class='ocr_line' id='line_1_20' title="bbox 670 1428 1875 1514; baseline -0.002 -18"><span class='ocrx_word' id='word_1_66' title='bbox 670 1428 929 1514; x_wconf 85' lang='lat' dir='ltr'>Sappho</span> <span class='ocrx_word' id='word_1_67' title='bbox 973 1429 1202 1514; x_wconf 82' lang='lat' dir='ltr'>puellis</span> <span class='ocrx_word' id='word_1_68' title='bbox 1247 1430 1328 1495; x_wconf 89' lang='lat' dir='ltr'>de</span> <span class='ocrx_word' id='word_1_69' title='bbox 1370 1429 1875 1514; x_wconf 62' lang='lat' dir='ltr'>popularibus„</span> 
     </span>
     <span class='ocr_line' id='line_1_21' title="bbox 670 1514 1777 1598; baseline -0.001 -18"><span class='ocrx_word' id='word_1_70' title='bbox 670 1522 738 1580; x_wconf 83' lang='lat' dir='ltr'>et</span> <span class='ocrx_word' id='word_1_71' title='bbox 778 1521 846 1580; x_wconf 83' lang='lat' dir='ltr'>te</span> <span class='ocrx_word' id='word_1_72' title='bbox 890 1521 1225 1580; x_wconf 84' lang='lat' dir='ltr'>sonantem</span> <span class='ocrx_word' id='word_1_73' title='bbox 1265 1514 1517 1598; x_wconf 79' lang='lat' dir='ltr'>plenius</span> <span class='ocrx_word' id='word_1_74' title='bbox 1562 1536 1777 1595; x_wconf 89' lang='lat' dir='ltr'>aure0,</span> 
     </span>
     <span class='ocr_line' id='line_1_22' title="bbox 753 1601 1749 1683; baseline -0.002 -17"><span class='ocrx_word' id='word_1_75' title='bbox 753 1601 1008 1681; x_wconf 88' lang='lat' dir='ltr'>Alcaee,</span> <span class='ocrx_word' id='word_1_76' title='bbox 1053 1601 1301 1683; x_wconf 87' lang='lat' dir='ltr'>plectro</span> <span class='ocrx_word' id='word_1_77' title='bbox 1347 1601 1511 1665; x_wconf 86' lang='lat' dir='ltr'>dura</span> <span class='ocrx_word' id='word_1_78' title='bbox 1551 1602 1749 1678; x_wconf 82' lang='lat' dir='ltr'>navis,</span> 
     </span>
    </p>

    <p class='ocr_par' dir='ltr' id='par_1_13' title="bbox 841 1685 1891 1769">
     <span class='ocr_line' id='line_1_23' title="bbox 841 1685 1891 1769; baseline 0.001 -19"><span class='ocrx_word' id='word_1_79' title='bbox 841 1687 1003 1750; x_wconf 87' lang='lat' dir='ltr'>dura</span> <span class='ocrx_word' id='word_1_80' title='bbox 1043 1687 1234 1769; x_wconf 80' lang='lat' dir='ltr'>fugae</span> <span class='ocrx_word' id='word_1_81' title='bbox 1277 1685 1469 1766; x_wconf 89' lang='lat' dir='ltr'>mala,</span> <span class='ocrx_word' id='word_1_82' title='bbox 1516 1687 1679 1752; x_wconf 89' lang='lat' dir='ltr'>dura</span> <span class='ocrx_word' id='word_1_83' title='bbox 1721 1685 1891 1751; x_wconf 87' lang='lat' dir='ltr'>belli.</span> 
     </span>
    </p>
   </div>
   <div class='ocr_carea' id='block_1_13' title="bbox 582 1806 1773 1888">
    <p class='ocr_par' dir='ltr' id='par_1_14' title="bbox 582 1806 1773 1888">
     <span class='ocr_line' id='line_1_24' title="bbox 582 1806 1773 1888; baseline -0.001 -17"><span class='ocrx_word' id='word_1_84' title='bbox 582 1852 593 1859; x_wconf 35' lang='grc' dir='ltr'>ψ</span> <span class='ocrx_word' id='word_1_85' title='bbox 667 1811 1018 1888; x_wconf 82' lang='lat' dir='ltr'>utrumque-</span> <span class='ocrx_word' id='word_1_86' title='bbox 1053 1826 1236 1870; x_wconf 87' lang='lat' dir='ltr'>sacro</span> <span class='ocrx_word' id='word_1_87' title='bbox 1282 1806 1478 1888; x_wconf 86' lang='lat' dir='ltr'>digna</span> <span class='ocrx_word' id='word_1_88' title='bbox 1521 1806 1773 1870; x_wconf 89' lang='lat' dir='ltr'>silentio</span> 
     </span>
    </p>
   </div>
   <div class='ocr_carea' id='block_1_14' title="bbox 669 1890 1987 1974">
    <p class='ocr_par' dir='ltr' id='par_1_15' title="bbox 669 1890 1987 1974">
     <span class='ocr_line' id='line_1_25' title="bbox 669 1890 1987 1974; baseline 0.001 -17"><span class='ocrx_word' id='word_1_89' title='bbox 669 1894 982 1957; x_wconf 87' lang='lat' dir='ltr'>mirantur</span> <span class='ocrx_word' id='word_1_90' title='bbox 1024 1890 1288 1955; x_wconf 84' lang='lat' dir='ltr'>umbrae</span> <span class='ocrx_word' id='word_1_91' title='bbox 1334 1891 1579 1955; x_wconf 85' lang='lat' dir='ltr'>dicere:</span> <span class='ocrx_word' id='word_1_92' title='bbox 1627 1892 1741 1960; x_wconf 86' lang='lat' dir='ltr'>sed</span> <span class='ocrx_word' id='word_1_93' title='bbox 1784 1892 1987 1974; x_wconf 84' lang='lat' dir='ltr'>magis</span> 
     </span>
    </p>
   </div>
   <div class='ocr_carea' id='block_1_15' title="bbox 753 1981 2139 2146">
    <p class='ocr_par' dir='ltr' id='par_1_16' title="bbox 753 1981 2139 2146">
     <span class='ocr_line' id='line_1_26' title="bbox 753 1981 1767 2060; baseline 0.001 -19"><span class='ocrx_word' id='word_1_94' title='bbox 753 1997 1002 2060; x_wconf 86' lang='lat' dir='ltr'>pugnas</span> <span class='ocrx_word' id='word_1_95' title='bbox 1047 1983 1115 2040; x_wconf 88' lang='lat' dir='ltr'>et</span> <span class='ocrx_word' id='word_1_96' title='bbox 1159 1981 1419 2042; x_wconf 85' lang='lat' dir='ltr'>exactos</span> <span class='ocrx_word' id='word_1_97' title='bbox 1465 1983 1767 2060; x_wconf 86' lang='lat' dir='ltr'>tyrannos</span> 
     </span>
     <span class='ocr_line' id='line_1_27' title="bbox 841 2062 2139 2146; baseline 0.001 -19"><span class='ocrx_word' id='word_1_98' title='bbox 841 2063 1110 2128; x_wconf 88' lang='lat' dir='ltr'>densum</span> <span class='ocrx_word' id='word_1_99' title='bbox 1152 2063 1390 2136; x_wconf 83' lang='lat' dir='ltr'>umeris</span> <span class='ocrx_word' id='word_1_100' title='bbox 1434 2062 1599 2127; x_wconf 81' lang='lat' dir='ltr'>bibit</span> <span class='ocrx_word' id='word_1_101' title='bbox 1643 2084 1797 2126; x_wconf 90' lang='lat' dir='ltr'>aure</span> <span class='ocrx_word' id='word_1_102' title='bbox 1839 2064 2078 2146; x_wconf 84' lang='lat' dir='ltr'>volgus.</span> <span class='ocrx_word' id='word_1_103' title='bbox 2130 2069 2139 2108; x_wconf 64' lang='grc'>»’</span> 
     </span>
    </p>
   </div>
   <div class='ocr_carea' id='block_1_16' title="bbox 670 2174 2181 2523">
    <p class='ocr_par' dir='ltr' id='par_1_17' title="bbox 670 2174 2181 2523">
     <span class='ocr_line' id='line_1_28' title="bbox 670 2174 2181 2267; baseline -0.001 -19"><span class='ocrx_word' id='word_1_104' title='bbox 670 2174 823 2267; x_wconf 78' lang='lat' dir='ltr'>quid</span> <span class='ocrx_word' id='word_1_105' title='bbox 867 2184 1116 2261; x_wconf 86' lang='lat' dir='ltr'>mirum,</span> <span class='ocrx_word' id='word_1_106' title='bbox 1161 2183 1273 2248; x_wconf 91' lang='lat' dir='ltr'>ubi</span> <span class='ocrx_word' id='word_1_107' title='bbox 1315 2182 1442 2247; x_wconf 91' lang='lat' dir='ltr'>illis</span> <span class='ocrx_word' id='word_1_108' title='bbox 1488 2184 1873 2248; x_wconf 86' lang='lat' dir='ltr'>carminibus</span> <span class='ocrx_word' id='word_1_109' title='bbox 1919 2193 2181 2265; x_wconf 76' lang='lat' dir='ltr'>stupens</span> 
     </span>
     <span class='ocr_line' id='line_1_29' title="bbox 671 2268 1774 2352; baseline -0.002 -17"><span class='ocrx_word' id='word_1_110' title='bbox 671 2269 955 2335; x_wconf 84' lang='lat' dir='ltr'>demittit</span> <span class='ocrx_word' id='word_1_111' title='bbox 996 2274 1172 2333; x_wconf 86' lang='lat' dir='ltr'>atras</span> <span class='ocrx_word' id='word_1_112' title='bbox 1216 2268 1409 2333; x_wconf 90' lang='lat' dir='ltr'>belua</span> <span class='ocrx_word' id='word_1_113' title='bbox 1453 2270 1774 2352; x_wconf 82' lang='lat' dir='ltr'>centiceps</span> 
     </span>
     <span class='ocr_line' id='line_1_30' title="bbox 756 2354 1610 2437; baseline 0 -18"><span class='ocrx_word' id='word_1_114' title='bbox 756 2376 950 2419; x_wconf 85' lang='lat' dir='ltr'>aures·</span> <span class='ocrx_word' id='word_1_115' title='bbox 988 2361 1055 2419; x_wconf 93' lang='lat' dir='ltr'>et</span> <span class='ocrx_word' id='word_1_116' title='bbox 1095 2356 1317 2418; x_wconf 86' lang='lat' dir='ltr'>intorti</span> <span class='ocrx_word' id='word_1_117' title='bbox 1362 2354 1610 2437; x_wconf 90' lang='lat' dir='ltr'>capillis</span> 
     </span>
     <span class='ocr_line' id='line_1_31' title="bbox 842 2438 2011 2523; baseline -0.003 -18"><span class='ocrx_word' id='word_1_118' title='bbox 842 2441 1267 2505; x_wconf 87' lang='lat' dir='ltr'>Eumenidum</span> <span class='ocrx_word' id='word_1_119' title='bbox 1309 2446 1682 2504; x_wconf 86' lang='lat' dir='ltr'>recreantur</span> <span class='ocrx_word' id='word_1_120' title='bbox 1724 2438 2011 2523; x_wconf 78' lang='lat' dir='ltr'>angues?</span> 
     </span>
    </p>
   </div>
   <div class='ocr_carea' id='block_1_17' title="bbox 667 2560 2078 2899">
    <p class='ocr_par' dir='ltr' id='par_1_18' title="bbox 667 2560 2078 2899">
     <span class='ocr_line' id='line_1_32' title="bbox 668 2560 2078 2643; baseline -0.001 -19"><span class='ocrx_word' id='word_1_121' title='bbox 668 2560 823 2643; x_wconf 87' lang='lat' dir='ltr'>quin</span> <span class='ocrx_word' id='word_1_122' title='bbox 865 2566 934 2625; x_wconf 87' lang='lat' dir='ltr'>et</span> <span class='ocrx_word' id='word_1_123' title='bbox 973 2560 1390 2625; x_wconf 88' lang='lat' dir='ltr'>Prometheus</span> <span class='ocrx_word' id='word_1_124' title='bbox 1438 2566 1503 2624; x_wconf 90' lang='lat' dir='ltr'>et</span> <span class='ocrx_word' id='word_1_125' title='bbox 1546 2560 1799 2641; x_wconf 90' lang='lat' dir='ltr'>Pelopis</span> <span class='ocrx_word' id='word_1_126' title='bbox 1842 2581 2078 2643; x_wconf 86' lang='lat' dir='ltr'>parens</span> 
     </span>
     <span class='ocr_line' id='line_1_33' title="bbox 667 2644 1753 2728; baseline -0.001 -17"><span class='ocrx_word' id='word_1_127' title='bbox 667 2645 839 2711; x_wconf 84' lang='lat' dir='ltr'>dulci</span> <span class='ocrx_word' id='word_1_128' title='bbox 881 2644 1170 2710; x_wconf 91' lang='lat' dir='ltr'>laborem</span> <span class='ocrx_word' id='word_1_129' title='bbox 1214 2646 1533 2728; x_wconf 87' lang='lat' dir='ltr'>decipitur</span> <span class='ocrx_word' id='word_1_130' title='bbox 1576 2666 1753 2724; x_wconf 91' lang='lat' dir='ltr'>son0,</span> 
     </span>
     <span class='ocr_line' id='line_1_34' title="bbox 749 2730 1705 2799; baseline 0.004 -4"><span class='ocrx_word' id='word_1_131' title='bbox 749 2752 870 2795; x_wconf 87' lang='lat' dir='ltr'>nec</span> <span class='ocrx_word' id='word_1_132' title='bbox 913 2738 1097 2796; x_wconf 89' lang='lat' dir='ltr'>curat</span> <span class='ocrx_word' id='word_1_133' title='bbox 1141 2730 1338 2797; x_wconf 84' lang='lat' dir='ltr'>Orion</span> <span class='ocrx_word' id='word_1_134' title='bbox 1381 2732 1600 2795; x_wconf 89' lang='lat' dir='ltr'>leones</span> <span class='ocrx_word' id='word_1_135' title='bbox 1702 2796 1705 2799; x_wconf 81' lang='grc'>,</span> 
     </span>
     <span class='ocr_line' id='line_1_35' title="bbox 833 2817 1819 2899; baseline -0.002 -17"><span class='ocrx_word' id='word_1_136' title='bbox 833 2824 948 2883; x_wconf 82' lang='lat' dir='ltr'>aut</span> <span class='ocrx_word' id='word_1_137' title='bbox 987 2818 1249 2881; x_wconf 86' lang='lat' dir='ltr'>timidos</span> <span class='ocrx_word' id='word_1_138' title='bbox 1293 2819 1539 2899; x_wconf 84' lang='lat' dir='ltr'>agitare</span> <span class='ocrx_word' id='word_1_139' title='bbox 1583 2817 1819 2899; x_wconf 86' lang='lat' dir='ltr'>lyncas.</span> 
     </span>
    </p>
   </div>
   <div class='ocr_carea' id='block_1_18' title="bbox 1387 2955 1592 3029">
    <p class='ocr_par' dir='ltr' id='par_1_19' title="bbox 1387 2955 1592 3029">
     <span class='ocr_line' id='line_1_36' title="bbox 1387 2955 1592 3029; baseline 0.01 -2"><span class='ocrx_word' id='word_1_140' title='bbox 1387 2955 1592 3029; x_wconf 91' lang='lat' dir='ltr'>XlV.</span> 
     </span>
    </p>
   </div>
   <div class='ocr_carea' id='block_1_19' title="bbox 669 3072 1899 3156">
    <p class='ocr_par' dir='ltr' id='par_1_20' title="bbox 669 3072 1899 3156">
     <span class='ocr_line' id='line_1_37' title="bbox 669 3072 1899 3156; baseline 0 -19"><span class='ocrx_word' id='word_1_141' title='bbox 669 3072 850 3137; x_wconf 88' lang='lat' dir='ltr'>Eheu</span> <span class='ocrx_word' id='word_1_142' title='bbox 892 3074 1170 3156; x_wconf 81' lang='lat' dir='ltr'>fugaceS,</span> <span class='ocrx_word' id='word_1_143' title='bbox 1214 3074 1535 3153; x_wconf 84' lang='lat' dir='ltr'>Postume,</span> <span class='ocrx_word' id='word_1_144' title='bbox 1580 3074 1899 3155; x_wconf 88' lang='lat' dir='ltr'>Postume,</span> 
     </span>
    </p>
   </div>
   <div class='ocr_carea' id='block_1_20' title="bbox 665 3159 1867 3241">
    <p class='ocr_par' dir='ltr' id='par_1_21' title="bbox 665 3159 1867 3241">
     <span class='ocr_line' id='line_1_38' title="bbox 665 3159 1867 3241; baseline 0.001 -19"><span class='ocrx_word' id='word_1_145' title='bbox 665 3159 968 3224; x_wconf 88' lang='lat' dir='ltr'>labuntur</span> <span class='ocrx_word' id='word_1_146' title='bbox 1011 3161 1162 3224; x_wconf 87' lang='lat' dir='ltr'>anni</span> <span class='ocrx_word' id='word_1_147' title='bbox 1205 3182 1325 3223; x_wconf 90' lang='lat' dir='ltr'>nec</span> <span class='ocrx_word' id='word_1_148' title='bbox 1368 3161 1577 3241; x_wconf 87' lang='lat' dir='ltr'>pietas</span> <span class='ocrx_word' id='word_1_149' title='bbox 1622 3181 1867 3223; x_wconf 91' lang='lat' dir='ltr'>moram</span> 
     </span>
    </p>
   </div>
   <div class='ocr_carea' id='block_1_21' title="bbox 749 3246 1881 3412">
    <p class='ocr_par' dir='ltr' id='par_1_22' title="bbox 749 3246 1881 3412">
     <span class='ocr_line' id='line_1_39' title="bbox 749 3246 1881 3412; baseline -0.002 -16"><span class='ocrx_word' id='word_1_150' title='bbox 749 3246 1881 3412; x_wconf 46' lang='grc' dir='ltr'>ωῗὲεέὲῗὲξὲἓέζίὲἒξὲἒᾶῗῃοώ,</span> 
     </span>
    </p>
   </div>
   <div class='ocr_carea' id='block_1_22' title="bbox 669 3451 2023 3791">
    <p class='ocr_par' dir='ltr' id='par_1_23' title="bbox 669 3451 2023 3533">
     <span class='ocr_line' id='line_1_40' title="bbox 669 3451 2023 3533; baseline 0.001 -19"><span class='ocrx_word' id='word_1_151' title='bbox 669 3471 818 3531; x_wconf 85' lang='grc'>11011,</span> <span class='ocrx_word' id='word_1_152' title='bbox 863 3451 920 3515; x_wconf 85' lang='lat' dir='ltr'>si</span> <span class='ocrx_word' id='word_1_153' title='bbox 962 3451 1259 3529; x_wconf 66' lang='lat' dir='ltr'>trecenis,</span> <span class='ocrx_word' id='word_1_154' title='bbox 1305 3456 1622 3533; x_wconf 86' lang='lat' dir='ltr'>quotquot</span> <span class='ocrx_word' id='word_1_155' title='bbox 1668 3457 1821 3515; x_wconf 90' lang='lat' dir='ltr'>eunt</span> <span class='ocrx_word' id='word_1_156' title='bbox 1865 3452 2023 3515; x_wconf 83' lang='lat' dir='ltr'>dies.</span> 
     </span>
    </p>

    <p class='ocr_par' dir='ltr' id='par_1_24' title="bbox 669 3534 1921 3791">
     <span class='ocr_line' id='line_1_41' title="bbox 669 3534 1726 3618; baseline 0 -18"><span class='ocrx_word' id='word_1_157' title='bbox 669 3536 893 3615; x_wconf 83' lang='lat' dir='ltr'>amice,</span> <span class='ocrx_word' id='word_1_158' title='bbox 938 3534 1156 3618; x_wconf 87' lang='lat' dir='ltr'>places</span> <span class='ocrx_word' id='word_1_159' title='bbox 1198 3534 1726 3601; x_wconf 89' lang='lat' dir='ltr'>inlacrimabilem</span> 
     </span>
     <span class='ocr_line' id='line_1_42' title="bbox 753 3619 1921 3703; baseline 0.001 -18"><span class='ocrx_word' id='word_1_160' title='bbox 753 3619 1030 3685; x_wconf 88' lang='lat' dir='ltr'>Plutona</span> <span class='ocrx_word' id='word_1_161' title='bbox 1069 3622 1291 3699; x_wconf 86' lang='lat' dir='ltr'>tauris,</span> <span class='ocrx_word' id='word_1_162' title='bbox 1338 3622 1471 3703; x_wconf 84' lang='lat' dir='ltr'>qui</span> <span class='ocrx_word' id='word_1_163' title='bbox 1474 3628 1593 3686; x_wconf 85' lang='lat' dir='ltr'>ter</span> <span class='ocrx_word' id='word_1_164' title='bbox 1636 3622 1921 3703; x_wconf 87' lang='lat' dir='ltr'>amplum</span> 
     </span>
     <span class='ocr_line' id='line_1_43' title="bbox 845 3672 1799 3791; baseline 0.003 -22.652"><span class='ocrx_word' id='word_1_165' title='bbox 845 3703 1178 3790; x_wconf 77' lang='lat' dir='ltr'>Geryonen</span> <span class='ocrx_word' id='word_1_166' title='bbox 1223 3672 1575 3791; x_wconf 81' lang='lat' dir='ltr'>Tityonque</span> <span class='ocrx_word' id='word_1_167' title='bbox 1627 3710 1799 3771; x_wconf 88' lang='lat' dir='ltr'>tristi</span> 
     </span>
    </p>
   </div>
   <div class='ocr_carea' id='block_1_23' title="bbox 2422 3470 2751 4271">
    <p class='ocr_par' dir='ltr' id='par_1_25' title="bbox 2422 3470 2751 4271">
     <span class='ocr_line' id='line_1_44' title="bbox 2422 3470 2751 4271; baseline 0 48"><span class='ocrx_word' id='word_1_168' title='bbox 2422 3470 2751 4271; x_wconf 95' lang='lat' dir='ltr'> </span> 
     </span>
    </p>
   </div>
  </div>
 </body>
</html>
