2784 4319
1111 237 1385 286 HORATI
1424 235 1808 288 CARMINUM

523 372 678 455 quid
721 373 902 451 latet,
945 379 1020 437 ut
1061 374 1348 437 marinae

634 457 894 522 filium
938 459 1160 524 dicunt
1202 458 1491 524 Thetidis
1536 458 1653 524 sub
1697 457 2055 523 lacrimosa
2082 457 2315 542 T1oia0

523 544 769 624 funera,
814 566 895 610 ne
939 545 1138 609 virilis

204 1821 353 1898 '10

278 2304 352 2358 15

273 2768 354 2821 20

699 632 906 696 cultus
947 631 1016 695 in
1061 631 1324 696 caedem
1370 636 1439 695 et
1478 630 1706 714 Lycias
1749 630 2111 713 proriperet
2155 630 2505 694 catervas?

1341 905 1346 908 ,
1413 839 1549 910 ΙΧ.

786 991 982 1057 Vides
1025 999 1098 1056 ut
1141 993 1276 1058 alta
1321 998 1451 1058 stet
1492 994 1636 1057 nive
1681 991 2026 1058 candidum

789 1077 1052 1144 Soracte
1097 1101 1215 1145 nec
1259 1081 1390 1144 iam
1434 1080 1793 1144 sustineant
1835 1099 1997 1144 onus

875 1165 1068 1230 silvae
1113 1166 1484 1231 laborantes
1529 1166 1801 1248 geluque
1880 1213 1883 1218 -

957 1251 1220 1317 flumina
1265 1253 1669 1316 constiterint
1712 1256 1920 1315 acutO.

789 1337 1062 1437 dissolve
1107 1371 1306 1454 frigus
1348 1373 1527 1454 ligna
1570 1393 1763 1455 super
1804 1371 1948 1436 foco

689 1514 693 1518 ,
729 1515 732 1520 .
788 1457 964 1540 large
1009 1479 1324 1541 reponens
1370 1463 1563 1538 atque
1608 1459 1942 1540 benignius
2011 1487 2021 1494 ·

878 1545 1179 1626 deprome
1225 1544 1631 1626 quadrimum
1676 1545 1932 1622 Sabina,

963 1651 1000 1694 o
1047 1629 1445 1722 Thaliarche,
1490 1650 1735 1694 merum
1781 1631 1975 1698 diota.

788 1752 1088 1832 permitte
1133 1751 1294 1814 divis
1339 1756 1585 1814 cetera:
1634 1751 1743 1832 qui
1786 1752 1975 1816 simul

743 1892 748 1899 .
791 1842 1070 1900 stravere
1113 1842 1352 1901 ventos.
1382 1856 1659 1917 aequore
1703 1836 1946 1903 fervido

877 1922 1365 2005 deproelianteS,
1412 1943 1531 1986 nec
1576 1925 1859 2005 cupressi

960 2029 1081 2072 nec
1121 2014 1369 2073 veteres
1414 2009 1740 2090 agitantur
1791 2011 1948 2074 orni.

791 2129 943 2212 quid
989 2131 1074 2195 sit
1113 2127 1398 2194 futurum
1442 2149 1583 2194 cras
1626 2129 1774 2212 fuge
1819 2150 2144 2213 quaerere,
2192 2137 2263 2197 et

791 2236 980 2297 quem
1022 2214 1155 2280 fors
1201 2216 1451 2280 dierum
1496 2236 1765 2297 cumque
1810 2218 2008 2297 dabit,
2054 2217 2237 2283 lucro

877 2302 1146 2385 adpone,
1191 2323 1310 2365 nec
1356 2301 1575 2365 dulces
1621 2323 1871 2367 amores
2178 2377 2183 2380 μ

963 2408 1190 2471 sperne
1233 2408 1397 2470 puer
1437 2408 1644 2469 neque
1688 2394 1761 2467 tu
1805 2388 2091 2469 choreas,

790 2508 994 2574 donec
1037 2509 1266 2573 virenti
1311 2509 1579 2573 canities
1622 2509 1807 2573 abest

789 2616 1062 2659 morosa.
1104 2615 1275 2659 nunc
1321 2600 1386 2658 et
1432 2615 1694 2676 campus
1740 2601 1806 2659 et
1850 2616 2041 2660 areae

875 2681 1177 2763 lenesque
1223 2680 1340 2745 sub
1384 2686 1641 2744 noctem
1686 2682 1927 2745 susurri

964 2768 1298 2849 conposita
1340 2773 1718 2849 repetant-ur
1758 2766 1937 2846 hoia,

699 2870 703 2877 ¹
788 2870 957 2953 nunc
1002 2893 1068 2953 et
1108 2888 1370 2952 latentis
1413 2888 1705 2969 proditor
1747 2864 1969 2949 intimo

663 3037 668 3047 .
701 3068 704 3071 ἡ
747 3064 752 3071 ἡ
790 2979 1009 3072 gratus
1053 2974 1304 3061 puellae
1347 2973 1514 3037 risus
1559 2971 1640 3036 ab
1687 2972 1919 3053 angulo

877 3061 1231 3142 pignusque
1276 3059 1612 3141 dereptum
1654 3057 1913 3121 lacertis

962 3152 1075 3210 aut
1119 3146 1318 3226 digito
1362 3144 1531 3208 male
1574 3145 1905 3241 pertinaci.

1347 3370 1557 3444 .X.

787 3526 1082 3602 Mercuri,
1128 3522 1401 3587 facunde
1444 3543 1644 3604 nepos
1686 3523 1985 3602 Atlantis,

682 3619 686 3625 '
720 3644 725 3651 ·
790 3612 899 3693 qui
942 3608 1113 3674 feros
1159 3608 1366 3673 cultus
1408 3608 1735 3673 hominum
1778 3615 2109 3674 recentum

788 3718 944 3775 voce
987 3695 1279 3760 formasti
1324 3700 1503 3759 catus
1550 3702 1615 3759 et
1660 3695 1930 3760 decorae

902 3795 906 3799 “
961 3801 1139 3847 more
1181 3781 1574 3863 palaestrae:
