2784 4319
886 238 1021 289 LIB.
1058 238 1101 288 Ι.
1138 242 1554 288 XXXIV—xxxvl

498 377 571 435 at
612 373 832 455 volgus
876 373 1140 438 infidum
1186 382 1250 438 et
1293 377 1598 440 meretrix
1640 381 1814 441 retro

494 459 757 540 periura
799 459 989 539 cedit,
1036 458 1373 542 diffugiunt
1417 463 1596 528 cadis

587 565 731 608 cum
772 544 953 608 faece
999 547 1251 610 siccatis
1299 549 1507 628 amici,

668 630 837 694 ferre
881 631 1097 712 iugum
1138 633 1384 714 pariter
1428 634 1653 700 dolosi.

496 787 711 832 serves
753 769 991 832 iturum
1036 768 1377 834 Caesarem
1419 772 1486 835 in
1528 771 1790 849 ultimos

495 851 670 918 orbis
712 852 1055 918 Britannos
1101 862 1167 919 et
1183 857 1506 921 ·iuvenum
1549 879 1773 923 recens

586 959 851 1003 examen
895 940 1048 1004 Eois
1093 942 1446 1008 timendum

668 1025 960 1108 partibus
1007 1025 1389 1108 Oceanoque
1435 1030 1648 1094 rubro,

496 1161 679 1243 eheu,
726 1165 1093 1228 cicatricum
1139 1172 1205 1229 et
1249 1166 1507 1231 sceleris
1549 1168 1754 1249 pudet

494 1249 907 1331 fratrumque.
954 1251 1107 1331 quid
1150 1272 1268 1316 nos
1313 1252 1478 1316 dura
1518 1252 1867 1336 refugimus

584 1341 761 1399 aetas
778 1336 809 1398 Ῥ
854 1337 1006 1416 quid
1050 1337 1359 1400 intactum
1404 1337 1639 1416 nefasti

666 1420 965 1502 liquimus
981 1423 1011 1484 Ῥ
1054 1422 1223 1486 unde
1266 1437 1526 1487 manum
1569 1425 1862 1491 iuventus

378 1557 385 1562 “
494 1563 671 1620 metu
714 1558 978 1622 deorum
1024 1560 1336 1623 continuit
1350 1561 1381 1622 ⁸?
1427 1560 1656 1644 quibus

494 1645 785 1725 pepercit
828 1645 954 1709 aris
970 1645 1001 1707 ⁸?
1046 1665 1083 1708 o
1127 1647 1375 1709 utinam
1419 1667 1586 1712 nova

528 1753 533 1756 ·
579 1730 810 1793 incude
856 1728 1150 1812 diffingas
1194 1736 1526 1796 retunsum
1568 1734 1636 1796 in

664 1813 1061 1898 Massagetas
1104 1817 1482 1900 Arabasque
1525 1816 1786 1882 ferrum.

1033 2103 1388 2177 XXXVI.

385 2322 479 2387 Et
521 2329 662 2387 ture
708 2328 773 2387 et
815 2322 1048 2388 fidibus
1091 2326 1267 2387 iuvat

562 2410 820 2491 placare
867 2417 932 2472 et
974 2410 1154 2473 vituli
1198 2410 1504 2492 sanguine
1550 2410 1765 2476 debito

387 2495 688 2559 custodes
731 2494 1045 2559 Numidae
1090 2495 1263 2574 deos,

563 2582 671 2662 qui
714 2602 880 2644 nunc
922 2581 1235 2662 Hesperia
1280 2602 1500 2663 sospes
1546 2581 1626 2645 ab
1673 2584 1900 2648 ultima

386 2726 556 2789 caris
601 2726 801 2789 multa
846 2727 1188 2805 sodalibus,

560 2812 717 2874 nulli
758 2812 945 2893 plura
984 2818 1203 2877 tamen
1248 2814 1475 2878 dividit
1519 2814 1737 2878 oscula

382 2916 581 2978 quam
626 2898 795 2961 dulci
838 2897 1119 2979 Lamiae,
1164 2918 1418 2963 memor*

562 2988 744 3046 actae
789 3004 917 3046 non
962 2984 1090 3047 alio
1132 3005 1283 3066 rege
1327 2985 1619 3066 puertiae

381 3132 798 3209 mutataeque
843 3128 1030 3192 simul
1073 3135 1280 3209 togae.

563 3210 789 3277 Cressa
832 3235 912 3277 ne
960 3220 1177 3277 careat
1220 3214 1489 3295 pulchra
1533 3216 1669 3279 dies
1713 3220 1887 3295 nota,

380 3318 514 3362 neu
554 3305 890 3380 promptae
935 3301 1161 3363 modus
1206 3300 1551 3381 amphorae

557 3404 681 3448 neu
712 3407 954 3448 morem
982 3386 1047 3448 in
1080 3386 1321 3449 Salium
1366 3386 1450 3449 sit
1492 3386 1744 3467 requies
1773 3385 2030 3467 pedum,

379 3550 511 3593 neu
553 3530 735 3593 multi
776 3531 1063 3595 Damalis
1107 3532 1266 3595 meri
1747 3591 1752 3594 .

556 3615 824 3680 Bassum
869 3616 1161 3680 Threicia
1202 3618 1417 3680 vincat
1459 3616 1792 3699 amystide,

382 3720 511 3764 neu
556 3701 767 3765 desint
809 3702 1011 3783 epulis
1056 3722 1240 3766 rosae

558 3807 683 3850 neu
724 3789 907 3851 vivax
951 3788 1167 3869 apium
1210 3808 1335 3850 neu
1378 3788 1570 3851 breve
1613 3785 1836 3850 lilium.

2273 246 2353 306 25

2383 386 2464 440 25

2380 863 2464 920 80

2381 1343 2464 1400 35

2378 1820 2459 1878 40

2369 3218 2453 3271 10

2365 3705 2444 3759 15
