2784 4319
1187 273 1302 312 1-11
2273 235 2371 330 x9¹7
2409 225 2418 232 θ

586 402 823 466 imbres
867 404 1167 483 nivesque
1214 407 1542 482 conparat,
2391 407 2472 462 30

420 493 531 552 aut
571 490 775 553 trudit
818 509 998 552 acres
1042 488 1191 551 hinc
1236 493 1303 550 et
1343 487 1491 550 hinc
1535 488 1739 552 multa
1784 509 1942 553 cane

588 596 777 658 apros
822 575 887 638 in
932 575 1261 638 obstantes
1306 572 1548 654 plagaS,

418 667 531 724 aut
572 663 767 725 amite
811 661 934 724 levi
977 681 1127 726 rara
1168 659 1379 723 tendit
1420 661 1588 730 retia

584 747 791 812 turdis
836 746 1139 811 edacibus
1183 745 1383 824 (10108,

330 867 333 870 ’
412 834 837 916 pavidumque
880 833 1164 914 leporem
1211 838 1277 895 et
1320 830 1629 895 advenam
1675 833 1904 914 laqueo
1943 852 2158 915 gruem
2390 839 2469 894 35

206 3942 427 3987 Horatius.

588 921 866 984 iucunda
912 924 1133 1000 captat
1174 918 1478 999 praemia.

413 1007 554 1086 quis
597 1013 725 1070 non
768 1004 1078 1070 malarum
1124 1025 1283 1086 quas
1327 1025 1509 1066 amor
1552 1025 1736 1068 curas
1779 1005 1978 1070 habet

584 1091 744 1156 haec
786 1094 958 1155 inter
1002 1091 1438 1155 obliviscitur?

414 1177 642 1259 quodsi
684 1179 919 1260 pudica
962 1177 1189 1240 mulier
1231 1177 1296 1239 in
1339 1182 1588 1257 partem
1634 1177 1807 1240 iuvet

586 1263 843 1328 domum
890 1270 1083 1344 atque
1128 1263 1345 1328 dulces
1388 1261 1643 1340 liberos,
2390 1267 2470 1322 40

414 1345 651 1415 Sabina
696 1350 900 1433 qualis
946 1355 1059 1414 aut
1100 1354 1363 1430 perusta
1408 1347 1646 1412 solibus

581 1438 857 1518 pernicis
899 1457 1062 1500 uxor
1102 1435 1311 1517 Apuli

408 1543 660 1586 sacrum
702 1524 969 1586 vetustis
1013 1529 1300 1586 exstruat
1341 1519 1529 1602 lignis
1572 1517 1780 1585 focum

581 1609 732 1674 lassi
778 1610 894 1673 sub
942 1609 1283 1672 adventum
1325 1607 1462 1684 viri,

411 1694 839 1777 claudensque
884 1696 1078 1758 textis
1124 1695 1406 1758 cratibus
1450 1693 1688 1756 laetum
1731 1715 1926 1774 pecus
2388 1697 2464 1754 45

582 1781 863 1846 distenta
906 1783 1105 1845 siccet
1145 1780 1363 1856 ubera,

411 1872 477 1930 et
518 1866 721 1931 horna
766 1867 936 1934 dulci
979 1869 1126 1930 vina
1167 1886 1466 1948 promens
1511 1863 1681 1928 dolio

580 1953 778 2036 dapes
820 1955 1137 2035 inemptas
1182 1956 1481 2034 apparet:

407 2059 535 2102 non
579 2059 681 2102 me
724 2039 999 2104 Lucrina
1042 2040 1314 2103 iuverint
1358 2035 1687 2118 conchylia

578 2127 857 2208 magisve
900 2125 1203 2190 rhombus
1249 2130 1362 2190 aut
1405 2123 1588 2202 scari,
2385 2127 2464 2183 50

408 2211 464 2275 81
508 2232 666 2292 quos
710 2212 861 2276 Eois
907 2213 1199 2276 intonata
1240 2210 1540 2275 fluctibus

574 2297 823 2380 hiemps
868 2298 951 2361 ad
993 2297 1117 2361 hoc
1157 2303 1368 2361 vertat
1410 2318 1620 2375 mare,

404 2402 533 2447 11011
574 2383 733 2447 Afra
776 2384 908 2447 avis
953 2384 1303 2447 descendat
1344 2384 1412 2450 in
1453 2390 1740 2495 ventrem
1781 2402 2012 2462 meum,

579 2491 707 2532 non
753 2476 1014 2551 attagen
1056 2469 1308 2533 Ionicus

408 2554 758 2634 iucundior,
805 2576 997 2653 quam
1039 2556 1209 2619 lecta
1254 2556 1333 2619 de
1377 2555 1805 2637 pinguissimis
2384 2560 2461 2614 55

582 2641 749 2704 oliva
791 2642 985 2705 ramis
1032 2642 1350 2719 arborum,

409 2732 521 2789 aut
560 2726 785 2790 herba·
805 2727 1052 2808 lapathi
1094 2734 1285 2809 prata
1328 2727 1602 2791 amantis
1648 2732 1713 2789 et
1755 2728 1932 2807 gravi

579 2813 823 2876 malvae
868 2812 1154 2877 salubres
1201 2813 1471 2894 corpori,

410 2897 510 2961 vel
553 2920 719 2979 agna
763 2898 941 2963 festis
988 2920 1175 2963 caesa
1220 2897 1699 2976 Terminalibus,

578 2984 678 3047 vel
720 2984 964 3048 haedus
1010 2989 1267 3066 ereptus
1311 2984 1482 3065 lupo.
2383 2988 2462 3043 60

408 3067 523 3132 has
565 3071 735 3133 inter
778 3070 997 3151 epulas
1039 3076 1115 3134 ut
1156 3072 1332 3134 iuvat
1374 3076 1594 3152 pastas
1639 3090 1786 3133 oves

574 3156 791 3219 videre
833 3162 1253 3239 properantes
1299 3156 1574 3233 domum,

408 3239 619 3305 videre
664 3241 864 3307 fessos
908 3263 1229 3306 vomerem
1270 3243 1585 3305 inversum
1631 3242 1822 3305 boves

578 3326 741 3391 collo
785 3328 1113 3392 trahentes
1155 3327 1476 3409 languidO,

408 3412 775 3495 positosque
818 3434 1062 3491 vernas,
1110 3414 1261 3477 ditis
1306 3434 1570 3477 examen
1615 3412 1859 3491 domuS,
2381 3417 2458 3472 65

580 3498 815 3562 circum
862 3500 1227 3563 renidentes
1271 3496 1507 3562 Lares’.

408 3580 565 3647 haec
607 3582 719 3647 ubi
761 3584 1011 3648 locutus
1056 3585 1422 3648 faenerator
1461 3582 1679 3661 Alfius,

579 3669 707 3732 iam
752 3670 881 3733 iam
926 3670 1173 3734 futurus
1218 3672 1511 3750 rusticuS,

411 3772 658 3818 omnem
701 3754 952 3837 redegit
991 3756 1209 3820 Idibus
1253 3756 1608 3838 pecuniam,

578 3842 832 3921 quaerit
873 3840 1179 3905 Kalendis
1222 3862 1478 3923 ponere.
2381 3848 2456 3901 70
