2784 4319
442 228 552 288 -64

366 455 447 508 10

370 917 447 972 15

366 1380 449 1434 20

366 1882 448 1938 25

1258 226 1534 276 HORATI
1569 226 1955 277 CARMINUM

778 360 865 424 da
906 360 1097 425 lunae
1140 382 1415 444 propere
1459 383 1682 441 novae,

952 447 1037 510 da
1079 449 1286 511 noctis
1330 449 1600 528 mediae,
1646 449 1750 530 da,
1793 469 1974 532 puer,
2019 451 2280 534 auguris

776 531 1113 598 Murenae:
1158 533 1364 597 tribus
1409 540 1522 598 aut
1564 554 1793 598 novem

951 619 1299 683 miscentur
1342 619 1588 703 cyathis
1631 620 1864 702 pocula
1910 621 2282 686 commodis,

778 738 891 819 qui
932 737 1149 803 Musas
1194 746 1369 803 amat
1414 740 1690 821 inpareS,

882 877 887 880 .
950 829 1169 888 ternos
1213 830 1314 889 ter
1358 826 1620 908 cyathos
1665 826 1996 891 adtonitus
2037 830 2220 908 petet

778 914 994 975 vates:
1046 911 1165 974 tris
1209 911 1510 992 prohibet
1555 933 1748 992 supra

950 996 1232 1060 rixarum
1274 1002 1566 1061 metuens
1609 1004 1874 1079 tangere
1921 996 2148 1062 Gratia

779 1115 969 1186 nudis
1013 1117 1232 1181 iuncta
1276 1116 1620 1181 sororibus,

949 1203 1230 1266 insanire
1268 1199 1480 1266 iuvat:
1529 1223 1643 1266 cur
1684 1200 2102 1285 Berecyntiae

784 1294 1040 1352 cessant
1080 1286 1341 1352 flamina
1385 1289 1630 1352 tibiae?

953 1395 1067 1438 cur
1108 1374 1349 1455 pendet
1391 1375 1593 1438 tacita
1635 1372 1851 1438 fistula
1896 1394 2040 1436 cum
2083 1372 2268 1456 lyra?

779 1499 1120 1576 parcentes
1166 1514 1284 1575 ego
1331 1494 1629 1558 dexteras

952 1579 1091 1642 odi:
1138 1600 1367 1661 sparge
1413 1599 1625 1659 rosas3
1671 1579 1894 1644 audiat
1935 1577 2187 1646 invidus

783 1665 1145 1728 dementem
1190 1666 1527 1746 strepitum
1571 1665 1778 1748 Lycus

954 1754 1021 1814 et
1062 1751 1271 1814 vicina
1316 1752 1452 1814 seni
1498 1772 1626 1814 non
1668 1750 1902 1816 habilis
1946 1747 2137 1834 Lyco.

783 1868 990 1950 spissa
1033 1875 1098 1934 te
1141 1870 1416 1933 nitidum
1461 1890 1664 1945 coma,

950 1975 1112 2037 puro
1156 1960 1223 2018 te
1270 1956 1560 2033 similem,
1607 1955 1907 2038 Telephe,
1952 1954 2239 2036 Vespero

778 2042 1159 2122 tempestiva
1201 2043 1365 2122 petit
1408 2041 1666 2121 Rhode3

951 2147 1054 2191 me
1098 2126 1308 2190 lentus
1355 2125 1664 2209 Glycerae
1708 2130 1914 2191 torret
1959 2146 2142 2191 amor
2183 2146 2388 2191 meae-

1412 2266 1586 2338 XX.

542 2439 547 2444 .
652 2448 664 2453 ,
778 2384 923 2447 Non
966 2383 1163 2461 videS,
1211 2389 1450 2463 quanto
1495 2376 1753 2447 movea's
1795 2383 2060 2464 periclo,

372 3226 449 3279 10

369 3688 449 3744 15

776 2468 1037 2552 Pyrrhe,
1083 2468 1395 2533 Gaetulae
1441 2468 1687 2533 catulos
1731 2468 2042 2534 leaenae?

781 2555 943 2620 dura
986 2561 1135 2636 post
1176 2554 1368 2635 paulo
1415 2554 1618 2636 fugies
1663 2555 1945 2619 inaudax

952 2640 1201 2722 proelia
1244 2646 1485 2721 raptor,

642 2796 658 2811 .
780 2782 926 2825 cum
968 2781 1086 2842 per
1130 2760 1460 2824 obstantes
1503 2760 1802 2823 iuvenum
1847 2764 2136 2824 catervas

778 2846 900 2913 ibit
942 2846 1257 2927 insignem
1300 2850 1598 2926 repetens
1643 2844 2037 2910 Nearchum:
2183 2926 2190 2930 ἱ

778 2932 1018 3015 grande
1066 2936 1408 3008 certamen,
1454 2931 1575 2994 tibi
1617 2930 1863 3011 praeda
1907 2931 2114 3011 cedat,
2193 2932 2200 2936 ’

950 3018 1158 3080 maior
1201 3037 1285 3079 an
1326 3016 1460 3079 illa.

776 3137 1051 3214 interim,
1098 3136 1251 3198 dum
1295 3142 1367 3198 tu
1414 3136 1654 3199 celeres
1700 3135 1968 3217 sagittas

778 3222 1039 3303 promis,
1083 3220 1244 3284 haec
1290 3221 1515 3285 dentes
1561 3222 1736 3301 acuit
1777 3221 2116 3301 timendOS‚

780 3307 1024 3372 arbiter
1064 3326 1316 3387 pugnae
1360 3307 1650 3387 posuisse
1694 3307 1866 3371 nudo

952 3391 1068 3456 sub
1113 3392 1279 3472 pede
1323 3392 1606 3472 palmam

779 3512 984 3575 fertur
1029 3516 1095 3575 et
1136 3509 1267 3573 leni
1308 3530 1603 3573 recreare
1646 3516 1836 3574 vento

781 3617 1073 3678 sparsum
1118 3596 1403 3660 odoratis
1446 3616 1737 3660 umerum
1783 3595 2051 3677 capillis,

780 3682 988 3766 qualis
1032 3687 1146 3746 aut
1186 3681 1416 3745 Nireus
1461 3681 1582 3747 fuit
1625 3688 1738 3746 aut
1781 3702 2026 3763 aquosa

952 3774 1175 3850 raptus
1221 3768 1302 3832 ab
1347 3768 1483 3832 Ida.
1516 3803 1520 3807 ·
