2784 4319
977 211 1112 268 LIB.
1185 227 1549 267 xxvn-xznx

287 355 466 418 dant
509 353 671 418 alios
713 353 944 417 Furiae
987 359 1169 439 torvo
1216 353 1585 436 spectacula
1628 354 1839 434 Marti,

483 440 676 503 exitio
723 445 822 503 est
867 440 1123 502 avidum
1166 460 1344 503 mare
1389 440 1636 519 nautis;

285 524 510 590 mixta
551 545 774 589 senum
819 545 896 588 ac
939 526 1235 588 iuvenum
1281 525 1629 588 densentur
1672 523 1915 603 funera,
1960 523 2207 590 nullum

479 631 671 675 saeva
716 615 908 692 caput
949 607 1335 692 Proserpina
1377 609 1558 690 fugit.

280 749 410 796 me
455 750 707 812 quoque
753 729 978 792 devexi
1021 729 1282 794 rabidus
1328 749 1541 792 comes
1589 727 1841 794 Orionis

375 851 381 854 <
477 815 744 898 myricis
787 815 992 878 Notus
1039 814 1252 879 obruit
1293 815 1499 878 undis,

278 905 367 966 at
415 907 508 981 tu,
554 905 770 978 nauta,
815 921 1014 981 vagae
1059 921 1139 964 ne
1183 920 1376 982 parce
1422 900 1735 981 malignus
1778 899 2060 1010 harenae

481 985 730 1052 ossibus
776 991 842 1048 et
886 986 1081 1068 capiti
1124 986 1456 1050 inhumato
1771 1013 1774 1016 ·

276 1105 690 1190 particulam
735 1105 922 1169 dare:
969 1104 1080 1184 sic,
1127 1105 1572 1186 quodcumque
1616 1104 1966 1169 minabitur
2008 1085 2217 1170 Eurus

477 1190 774 1255 fluctibus
819 1190 1165 1272 Hesperiis,
1210 1190 1573 1254 Venusinae
1766 1221 1773 1225 ·
2072 1231 2077 1237 -

275 1278 667 1361 plectantur
711 1276 908 1339 silvae
951 1281 1018 1339 te
1063 1277 1322 1357 sospite,
1367 1275 1697 1356 multaque
1742 1295 2009 1356 11161666,

389 1426 398 1431 .
475 1362 646 1426 unde
689 1367 923 1442 potest,
968 1362 1088 1425 tibi
1134 1359 1374 1424 defluat
1419 1381 1624 1441 aequo

274 1483 374 1548 ab
426 1481 578 1545 Iove
620 1479 1046 1561 Neptunoque
1091 1481 1257 1544 sacri
1303 1481 1569 1558 custode
1596 1478 1892 1544 Tarenti.

474 1566 758 1648 neglegis
802 1566 1116 1630 inmeritis
1159 1566 1519 1642 nocituram

279 1653 641 1736 postmodo
687 1656 753 1714 te
797 1651 965 1714 natis
1010 1651 1302 1714 fraudem
1347 1650 1773 1714 conmittere?
1816 1649 1947 1715 fors
1994 1655 2059 1715 et

477 1737 698 1801 debita
741 1737 882 1800 iura
925 1738 1222 1818 vicesque
1267 1737 1581 1818 superbae

275 1866 348 1924 te
400 1861 711 1922 maneant
753 1857 994 1938 ipsum·
1040 1855 1337 1939 precibus
1381 1877 1511 1919 non
1552 1855 1809 1937 linquar
1850 1854 2088 1934 inultis,

470 1950 664 2025 teque
708 1943 965 2023 piacula
1007 1941 1184 2006 nulla
1225 1941 1565 2006 resolvent.

277 2049 688 2113 quamquam
731 2027 1015 2106 festinas,
1061 2049 1189 2091 non
1235 2031 1333 2090 est
1375 2048 1559 2090 mora
1601 2025 1825 2106 longa;
1868 2023 2087 2089 licebit

471 2116 708 2181 iniecto
753 2117 854 2177 ter
895 2113 1156 2196 pulvere
1203 2133 1439 2177 curras.

1087 2261 1378 2333 XXIX.

554 2386 702 2467 Ioci,
749 2387 957 2452 beatis
1003 2408 1170 2450 nunc
1214 2387 1501 2451 Arabum
1545 2387 1793 2452 invides

556 2474 731 2554 gazis
778 2478 844 2537 et
887 2493 1102 2537 acrem
1145 2472 1441 2535 militiam
1485 2494 1677 2553 paras

643 2579 771 2621 11011
817 2564 968 2621 ante
1011 2558 1276 2621 devictis
1324 2557 1635 2635 Sabaeae¹

725 2644 1000 2725 regibuS‚
1046 2643 1462 2725 horribilique
1498 2636 1689 2706 Medo

555 2764 758 2826 nectis
805 2768 1065 2827 catenas
1082 2763 1112 2825 1>
1157 2782 1322 2844 quae
1366 2762 1486 2826 tibi
1530 2762 1843 2842 virginum

555 2868 788 2929 sponso
835 2854 1064 2912 necato
1109 2848 1388 2913 barbara
1432 2847 1711 2911 serviet?

640 2954 801 3015 puer
844 2934 986 3015 quis
1032 2955 1111 2996 ex
1155 2932 1304 2997 aula
1348 2932 1597 3013 capillis

727 3020 811 3084 ad
858 3020 1157 3101 cyathum
1202 3024 1521 3083 statuetur
1563 3018 1792 3095 11116116,

555 3138 778 3203 (1061116
825 3140 1090 3220 sagittas
1139 3139 1405 3201 tendere
1452 3137 1701 3203 Sericas

552 3244 702 3286 arcu
748 3226 1066 3306 paterno?
1114 3226 1254 3305 quis
1300 3230 1492 3305 neget
1537 3224 1753 3287 arduis

637 3330 874 3391 pronos
919 3310 1123 3374 relabi
1167 3330 1357 3391 posse
1402 3310 1571 3373 rivos

723 3396 1045 3460 montibus
1093 3401 1158 3459 et
1203 3394 1483 3459 Tiberim
1526 3393 1779 3472 reverti,

557 3533 699 3575 cum
744 3520 815 3577 tu
862 3521 1188 3595 coemptos
1235 3514 1514 3595 undique
1560 3512 1791 3577 nobilis

556 3598 751 3663 libros
796 3600 1082 3677 Panaeti,
1131 3599 1523 3663 Socraticam
1568 3604 1634 3661 et
1678 3598 1937 3683 domum

641 3692 889 3749 mutare
933 3685 1148 3747 loricis
1193 3684 1467 3761 Hiberis,

726 3772 1047 3852 pollicitus
1095 3770 1378 3847 meliora,
1426 3768 1684 3831 tendis?

2288 225 2361 284 21

2390 618 2473 672 20

2389 1111 2470 1165 25

2389 1569 2471 1624 30

2386 2030 2469 2084 35

2389 3223 2469 3279 10

2388 3682 2462 3737 15
