2784 4319
923 254 1060 303 EIB.
1097 254 1188 304 IV.
1226 262 1348 302 1-11

420 390 610 456 flebili
657 410 930 473 sponsae
973 392 1343 455 iuvenemve
1388 398 1645 473 raptum

418 478 632 559 plorat·
669 482 736 543 et
778 478 946 542 vires
990 478 1399 559 animumque
1445 498 1781 559 moresque

417 584 638 629 aureos
685 565 902 628 educit
944 563 1014 627 in
1057 569 1234 628 astra
1277 566 1587 646 nigroque

580 650 827 715 invidet
871 650 1057 714 Orco.
1119 684 1126 690 ·

381 786 611 861 ,multa
656 788 999 853 Dircaeum
1045 787 1220 851 levat
1261 809 1421 853 aura
1466 808 1749 871 cycnum,

414 874 634 951 tendit,
683 874 941 953 Antoni,
988 875 1284 955 quotiens
1329 876 1396 937 in
1440 873 1605 937 altos

409 960 670 1023 nubium
691 958 994 1024 'tractusz
1019 980 1160 1042 -ego
1207 960 1346 1042 apis
1391 959 1679 1024 Matinae

574 1067 756 1111 more
802 1046 1121 1127 modoque

412 1188 594 1265 grata
639 1184 964 1266 carpentis
1007 1184 1228 1267 thyma
1271 1204 1389 1265 per
1430 1182 1720 1247 laborem

413 1269 755 1349 plurimum
797 1272 972 1334 circa
1011 1291 1238 1333 nemus
1283 1270 1583 1350 uvidique

411 1354 660 1419 Tiburis
705 1357 877 1437 ripas
924 1377 1196 1438 operosa
1239 1377 1473 1438 parvus

579 1444 866 1521 carmina
908 1441 1099 1525 fingo.

408 1581 702 1644 concines
747 1580 990 1644 maiore
1037 1586 1232 1662 poeta
1273 1580 1521 1662 plectro

409 1664 768 1745 Caesarem,
814 1668 1198 1749 quandoque
1243 1666 1461 1730 trahet
1503 1666 1751 1729 feroces

405 1772 521 1833 per
564 1774 818 1817 sacrum
865 1753 1096 1817 clivum
1139 1754 1372 1817 merita
1415 1753 1683 1817 decorus

573 1839 800 1903 fronde
847 1838 1262 1923 Sygambros:

403 1996 527 2057 quo
567 1975 735 2040 'nihil
777 1977 980 2040 maius
1025 1976 1329 2041 meliusve
1373 1978 1563 2040 terris

402 2062 537 2125 fata
581 2058 898 2126 donavere
941 2063 1220 2145 bonique
1265 2062 1395 2125 divi

401 2171 520 2212 nec
565 2148 829 2228 dabunt,
875 2150 1162 2248 quamvis
1205 2148 1479 2213 redeant
1521 2149 1586 2213 in
1631 2171 1855 2214 aurum

574 2241 868 2317 tempora
910 2237 1221 2318 priscum:

403 2374 698 2446 concines
742 2373 1076 2455 laetosque
1124 2374 1259 2438 dies
1307 2379 1373 2437 et
1418 2375 1592 2454 urbis

402 2459 727 2540 publicum
769 2458 992 2523 ludum
1035 2480 1228 2541 super
1269 2461 1592 2541 inpetrato

401 2546 584 2626 fortis
627 2546 898 2627 Augusti
939 2546 1153 2609 reditu
1196 2546 1530 2628 forumque

311 2640 320 2648 '
571 2632 792 2694 litibus
838 2632 1080 2694 orbum.

403 2773 568 2832 tum
583 2789 786 2847 meae
835 2770 890 2831 si
934 2769 1087 2851 quid
1132 2769 1361 2850 loquar
1405 2770 1811 2852 audiendum,

402 2855 574 2919 vocis
619 2855 885 2918 accedet
928 2855 1098 2918 bona
1141 2876 1310 2936 pars,
1358 2855 1479 2919 et
1489 2875 1526 2919 o
1572 2856 1669 2920 sol

402 2940 685 3026 pulcher,
732 2961 770 3004 o
814 2939 1188 3004 laudande?
1237 2962 1465 3004 canam
1505 2947 1768 3024 recepto

573 3021 848 3090 Caesare
891 3026 1073 3090 felix:

303 3182 311 3192 ·
400 3168 598 3246 tuque
644 3165 796 3228 dum
840 3109 1156 3245 procediS,
1199 3164 1283 3229 ‘io
1332 3163 1701 3247 triumphel’

401 3271 528 3314 non
571 3250 771 3336 semel
814 3251 1097 3314 dicemus
1140 3249 1224 3314 ‘io
1269 3250 1643 3331 triumphel’

400 3336 622 3400 civitas
668 3337 891 3415 omnis⁷
937 3336 1358 3417 dabimusque
1406 3337 1566 3400 divis

567 3428 716 3484 tura
757 3421 1065 3504 benignis.

399 3562 465 3622 te
511 3558 734 3621 decem
777 3559 948 3622 tauri
991 3558 1389 3640 totidemque
1435 3578 1687 3640 vaccae,

400 3664 501 3708 me
543 3649 729 3708 tener
775 3644 983 3708 solvet
1022 3645 1275 3724 vituluS,
1321 3644 1550 3708 relicta

400 3734 602 3792 matre
648 3731 758 3811 qui
799 3730 995 3812 largis
1038 3695 1388 3795 iuvene’scit
1430 3730 1645 3795 herbis

567 3815 635 3878 in
677 3837 822 3879 mea
863 3822 1032 3894 vota,

2196 256 2277 319 ‘17

2297 797 2378 851 25

2289 1276 2371 1331 30

2284 1760 2363 1813 35

2277 2241 2358 2296 40

2275 2775 2353 2829 45

2271 3257 2352 3312 50

2274 3735 2351 3790 55
