2784 4319
358 139 495 214 128‘

296 294 375 349 90

298 725 375 801 ⁹2⁷>

1136 152 1287 202 HOR
1294 147 1416 202 A'Tl
1450 153 1845 204 SERMONUM

565 289 853 355 callidus-
880 293 955 352 ut
998 289 1207 353 soleat
1250 289 1485 353 umeris
1530 295 1790 373 portare
1835 291 2058 356 viator.

561 397 713 440 nam
759 373 993 439 Canusi
1038 373 1367 456 lapidosus
1417 377 1650 458 (aquae
1695 398 1823 440 non
1869 375 2064 442 ditior
2107 380 2321 459 urna).

563 462 675 543 qui
718 461 899 527 loeus
946 483 985 525 a
1030 461 1181 524 forti
1226 461 1536 525 Diomede
1591 467 1691 526 est
1735 463 2028 527 conditus
2075 464 2242 528 olim.

560 546 862 612 flentibus
900 547 1058 610 ⁴hinc
1102 546 1332 610 Varius
1378 546 1655 612 discedit
1695 555 1978 613 maestus
2025 551 2262 614 31111313.

562 633 713 697 ‘inde
757 632 976 698 Rubos
1022 633 1175 697 fessi
1218 635 1639 714 pervenimus,
1686 641 1909 717 utpote
1954 636 2212 716 longum

564 724 901 801 carpentes
945 719 1071 782 iter
1107 725 1173 783 et
1214 720 1457 784 factum
1518 722 1876 803 corruptius
1919 722 2125 785 imbri.

562 810 827 889 postera
870 810 1221 887 tempestas
1265 807 1509 886 melior,
1554 808 1658 870 via
1701 809 1884 889 peior
1927 809 2009 872 ad
2055 829 2252 890 usque
2286 823 2290 830 ·

560 891 716 955 Bari
759 892 1014 956 moenia
1056 891 1311 974 piscosi.
1358 857 1509 956 dein,
1553 892 1786 957 Gnatia
1829 894 2099 977 lymphis

562 979 743 1042 iratis
789 983 1115 1052 exstructa
1160 979 1341 1042 dedit
1384 980 1675 1060 risusque
1722 981 2041 1062 iocosque,

441 1067 447 1074 ’
564 1064 716 1127 (13111
760 1061 1019 1128 flamma
1064 1065 1200 1128 sine
1244 1069 1394 1128 tura
1436 1065 1788 1146 liquescere
1832 1066 2048 1130 limine
2096 1089 2276 1132 sacro

258 1155 374 1254 ioo

254 2618 329 2671 10

252 3048 327 3101 15

246 3478 329 3531 20

557 1150 949 1232 persuadere
996 1151 1189 1235 cupit
1238 1151 1462 1214 credat
1505 1151 1779 1214 Iudaeus
1826 1153 2072 1234 Apella

557 1257 685 1300 non
732 1257 881 1318 ego:
928 1257 1205 1318 namque
1250 1236 1406 1300 deos
1454 1237 1651 1300 didici
1695 1258 1990 1301 securum
2035 1260 2224 1320 agere
2273 1261 2524 1320 aevum,

556 1343 695 1400 1133,
742 1323 797 1386 31
840 1322 996 1403 quid
1040 1323 1187 1386 miri
1231 1322 1430 1386 faciat
1471 1329 1720 1402 natura,
1769 1324 1921 1388 deos
1972 1325 2039 1387 id

526 1409 775 1472 ‘tristes
822 1428 903 1472 ex
944 1407 1077 1472 alto
1124 1407 1286 1472 caeli
1330 1408 1668 1472 demittere
1713 1414 1904 1475 tecto.

555 1492 989 1591 Brundisium-
1009 1493 1239 1575 longae
1282 1493 1426 1557 finis
1481 1494 1866 1577 chartaeque
1910 1496 2177 1577 viaeque
2225 1504 2337 1562 est.

1420 1656 1547 1758 vi

554 1837 699 1902 Non
746 1840 916 1919 quia,
962 1839 1321 1918 Μ33331133,
1366 1839 1688 1937 Lydorum
1735 1840 2044 1921 quidquid
2089 1841 2396 1904 Etruscos

555 1924 825 1988 incoluit
866 1922 1045 2004 fineS,
1091 1946 1277 1988 nemo
1326 1927 1697 2006 generosior
1743 1929 1840 1989 est
1882 1931 1966 2003 te,
2247 1947 2254 1954 ·

555 2030 675 2073 1133
720 2011 893 2092 quod
938 2031 1091 2075 avus
1138 2011 1256 2074 tibi
1302 2017 1628 2075 maternus
1674 2011 1796 2075 fuit
1839 2017 2031 2092 atque
2077 2018 2403 2093 paternuS,

555 2095 709 2161 olim
755 2097 866 2179 qui
910 2098 1155 2180 magnis
1200 2097 1560 2181 legionibus
1604 2098 2066 2180 imperitarent,

555 2188 630 2246 ut
672 2181 960 2266 plerique
1008 2184 1233 2262 solent,
1280 2200 1437 2249 naso
1485 2185 1816 2265 suspendis
1865 2185 2112 2248 adunco

555 2270 827 2351 ignotos,
872 2275 946 2333 ut
990 2272 1091 2333 me
1135 2269 1435 2335 libertino
1485 2276 1671 2367 patre
1715 2276 1954 2334 natum

556 2376 701 2418 cum
746 2355 985 2419 referre
1030 2377 1246 2437 negas,
1294 2356 1470 2437 quali
1514 2357 1600 2420 sit
1643 2358 1910 2439 quisque
1957 2362 2223 2437 parente

554 2445 788 2519 1131113,
812 2441 964 2505 (13111
1008 2442 1338 2523 1113311333,
1384 2442 1734 2524 persuades
1779 2441 1902 2506 hoc
1947 2442 2066 2505 tibi
2109 2463 2276 2523 vere,

554 2532 705 2591 ante
748 2532 1137 2608 potestatem
1182 2528 1347 2591 Tulli
1391 2533 1585 2609 atque
1631 2527 1908 2607 ignobile
1952 2549 2218 2609 regnum
2289 2607 2292 2609 v

555 2612 791 2677 multos
840 2634 1038 2695 saepe
1083 2614 1251 2677 viros
1296 2614 1484 2677 nullis
1530 2614 1874 2676 maioribus
1922 2619 2124 2677 ortos·

556 2704 624 2761 et
666 2699 1195 2781 vixisse-probos,
1250 2699 1478 2780 amplis
1525 2705 1590 2762 et
1634 2698 1980 2762 honoribus
2028 2704 2281 2763 auctos:

556 2790 781 2848 contra
823 2786 1188 2863 Laevinum,
1234 2785 1451 2848 Valeri
1495 2806 1712 2866 genus,
1757 2785 1925 2847 unde
1973 2784 2296 2865 Superbus

558 2870 937 2953 Tarquinius
982 2892 1178 2953 regno
1224 2872 1443 2952 pulsus
1489 2872 1669 2952 fugit,
1717 2872 1902 2933 unius
1949 2873 2136 2951 assis-

556 2977 682 3020 11011
726 2978 1029 3038 umquam
1074 2958 1282 3039 pretio
1327 2958 1528 3038 pluris
1571 2956 1844 3030 licuisse,
1891 2962 2155 3021 notante

556 3042 784 3122 iudice,
833 3064 957 3124 quo
1004 3044 1191 3121 nosti,
1237 3043 1494 3124 populo,
1544 3043 1652 3124 qui
1697 3042 1928 3106 stultus
1973 3042 2247 3106 honores

556 3148 747 3210 saepe
793 3129 907 3193 dat
950 3130 1225 3211 indignis
1271 3135 1338 3191 et
1380 3129 1590 3193 famae
1638 3130 1832 3193 servit
1874 3130 2146 3210 ineptuS,
2207 3138 2213 3143 ’

556 3214 665 3295 qui
710 3220 927 3297 stupet
969 3216 1035 3278 in
1078 3214 1281 3279 titulis
1328 3220 1396 3277 et
1437 3215 1838 3296 imaginibus.
1887 3215 2041 3295 quid
2085 3219 2342 3295 oportet

557 3322 670 3364 nos
716 3300 926 3364 facere
973 3322 1013 3365 a
1054 3302 1239 3382 volgo
1285 3300 1472 3381 longe
1517 3301 1830 3382 longeque
1874 3301 2202 3365 remotos?

556 3406 827 3468 namque
876 3393 1033 3467 esto,
1078 3386 1351 3469 populus
1397 3386 1673 3451 Laevino
1719 3387 1940 3450 mallet
1982 3387 2289 3450 honorem

554 3473 747 3553 quam
792 3473 989 3536 Decio
1036 3474 1342 3536 mandare
1386 3494 1570 3551 novo,
1621 3493 1970 3554 censorque
2013 3479 2302 3536 moveret

554 3560 816 3640 Appius,
861 3560 1136 3639 ingenuo
1185 3560 1239 3622 si
1284 3580 1412 3621 non
1458 3580 1663 3622 essem
1706 3564 1892 3640 patre
1937 3563 2156 3636 natus:

554 3644 653 3707 vel
697 3644 945 3722 merito,
1004 3644 1303 3725 quoniam
1348 3644 1415 3707 in
1458 3645 1718 3725 propria
1763 3666 1889 3707 non
1933 3644 2100 3726 pelle
2130 3642 2484 3725 quiessem,

556 3730 671 3793 sed
715 3728 999 3810 fulgente
1043 3729 1246 3793 trahit
1290 3731 1668 3793 constrictos
1713 3729 1918 3811 gloria
1963 3751 2152 3793 curru
