2784 4319
373 241 491 299 196
997 307 1003 315 ,
1106 237 1383 286 HORATI
1417 237 1926 286 EPISTULARUM

322 553 400 605 70

322 982 399 1034 75

318 1412 397 1464 80

319 1841 395 1894 85

320 2273 399 2325 90

318 2702 396 2755 95

204 3145 207 3149 ·
276 3132 398 3184 100

485 379 552 437 et
596 375 769 455 sapit
813 381 880 438 et
923 395 1171 438 mecum
1217 373 1372 436 facit
1419 379 1484 436 et
1527 373 1674 436 Iove
1719 373 1962 436 iudicat
2008 391 2235 454 aeque.

480 480 611 523 11011
656 460 953 541 equidem
998 460 1277 524 insector
1322 459 1671 522 delendave
1719 460 2001 522 carmina
2044 457 2181 521 Livi

484 565 624 608 0330
670 567 835 625 reor,
882 547 1143 609 memini
1187 566 1352 626 quae
1398 545 1734 626 plagosum
1777 544 1933 608 mihi
1977 565 2190 624 parvo·

482 629 1123 695 Orbilium-dictare:
1172 632 1286 694 sed
1334 632 1674 696 emendata
1718 631 1920 694 videri

480 716 877 798 pulchraque
924 724 990 781 et
1036 718 1277 781 exactis
1322 717 1652 782 minimum
1697 716 2006 780 distantia
2049 716 2266 780 miror.

478 802 650 866 inter
696 824 862 884 quae
907 803 1171 868 verbum
1216 803 1477 866 emicuit
1522 804 1576 866 si
1619 802 1786 866 forte
1835 803 2158 881 decorum,
2214 848 2219 854 .

483 887 538 951 si
581 909 801 954 versus
846 890 1040 970 paulo
1088 889 1458 952 concinnior
1498 911 1662 952 1111113
1709 895 1774 952 et
1819 888 2002 966 alter,

482 973 718 1038 iniuste
764 980 975 1039 totum
1018 976 1197 1040 ducit
1240 975 1586 1056 venditque
1632 995 1879 1058 poema.

477 1059 779 1142 indignor
823 1062 1167 1143 quicquam
1210 1061 1614 1143 reprehendi,
1662 1081 1791 1124 11011
1837 1060 1990 1156 quia
2034 1080 2252 1122 crasse

480 1147 887 1229 conpositum
927 1147 1285 1228 inlepideve
1330 1153 1612 1228 putetur,
1659 1147 1773 1210 sed
1819 1146 1970 1227 quia
2013 1167 2237 1226 nuper,

479 1253 600 1296 nec
644 1233 895 1297 veniam
942 1234 1241 1314 antiquis,
1288 1233 1405 1296 sed
1447 1225 1757 1296 honorem
1804 1238 1869 1295 et
1911 1232 2203 1312 praemia
2249 1232 2446 1312 posci

479 1325 655 1382 recte
699 1340 902 1383 necne
949 1340 1205 1384 crocum
1248 1318 1567 1400 floresque
1612 1317 2015 1416 perambulet
2056 1316 2256 1380 Attae

479 1403 701 1468 fabula
746 1405 800 1468 si
846 1405 1151 1484 dubitem,
1201 1405 1481 1469 clament
1524 1405 1790 1486 periisse
1836 1404 2150 1485 pudorem

482 1492 696 1553 cuncti
739 1512 945 1573 paene
990 1497 1228 1572 patreS,
1277 1513 1354 1555 ea
1401 1512 1545 1554 cum
1587 1490 2057 1572 reprehendere
2104 1510 2318 1570 coner,

481 1596 645 1656 (11130
690 1578 901 1658 gravis
946 1579 1255 1658 Aesopus,
1304 1598 1469 1659 quae
1517 1578 1742 1640 doctus
1787 1575 2054 1639 Roscius
2101 1575 2260 1658 egit:

479 1661 580 1724 vel
626 1664 778 1742 quia
820 1663 912 1726 nss
955 1669 1221 1742 rectum,
1268 1664 1392 1726 11131
1439 1664 1611 1744 (111οᾶ
1654 1662 1899 1744 placuit
1944 1661 2084 1739 sibi,
2132 1663 2392 1739 ducunt,
2483 1726 2486 1727 γ

479 1747 580 1810 vel
626 1749 779 1828 quia
820 1754 1008 1830 turpe
1053 1755 1286 1830 putant
1328 1770 1558 1830 parere
1604 1748 1954 1811 minoribus
2001 1753 2083 1825 et,
2133 1768 2299 1828 quae

481 1833 781 1898 inberbes
827 1835 1127 1913 didicere,
1175 1856 1359 1898 senes
1404 1835 1733 1916 perdenda
1777 1833 1983 1897 fateri.

481 1919 612 1982 iam
658 1919 903 1984 Saliare
948 1921 1193 1984 Numae
1240 1942 1500 1985 carmen
1544 1921 1654 2002 qui
1695 1921 1940 1999 laudat,
1989 1926 2058 1983 et
2103 1919 2283 1998 illud,

484 2005 658 2085 quod
701 2027 951 2070 mecum
996 2007 1268 2088 ignorat,
1318 2007 1490 2070 solus
1535 2007 1668 2069 volt
1714 2007 1875 2069 scire
1919 2005 2141 2083 videri,

481 2090 751 2172 ingeniis
798 2113 925 2155 non
970 2092 1079 2155 ille
1125 2094 1298 2156 favet
1340 2093 1718 2174 plauditque
1765 2091 2051 2174 sepultiS,

480 2184 704 2241 nostra
748 2178 862 2243 sed
906 2180 1237 2261 inpugnat,
1282 2201 1400 2243 nos
1445 2186 1792 2259 nostraque
1838 2178 2066 2242 lividus
2113 2178 2271 2241 odit.

482 2264 713 2343 quodsi
755 2269 893 2328 tam
939 2264 1201 2329 Graecis
1246 2266 1496 2329 novitas
1541 2266 1744 2328 invisa
1787 2264 2014 2335 fuisset

482 2370 675 2429 quam
718 2350 924 2430 nobis,
972 2352 1126 2432 quid
1169 2372 1338 2415 nunc
1384 2357 1554 2415 esset
1597 2352 1824 2415 vetus?
1871 2356 1983 2414 aut
2028 2350 2182 2431 quid
2226 2349 2510 2426 haberet,

482 2436 655 2515 quod
699 2434 945 2518 legeret
986 2442 1352 2517 tereretque
1397 2437 1634 2500 viritim
1666 2436 1970 2517 'publicus
2015 2436 2215 2499 usus?

478 2527 553 2583 111,
595 2523 873 2602 primum
917 2524 1145 2605 positis
1189 2524 1419 2605 nugari
1465 2522 1738 2586 Graecia
1780 2521 1966 2585 bellis

482 2608 695 2688 coepit
740 2613 807 2671 et
849 2609 917 2671 in
960 2610 1184 2671 vitium
1229 2609 1488 2672 fortuna
1530 2608 1737 2672 labier
1781 2629 2006 2689 aequa,
2075 2684 2079 2690 ³

478 2714 647 2757 nunc
693 2693 1083 2757 athletarum
1128 2695 1375 2773 studiis,
1422 2716 1590 2758 nunc
1636 2694 1794 2757 arsit
1840 2715 2166 2775 equorum,

479 2780 817 2843 marmoris
864 2786 977 2844 aut
1022 2781 1231 2844 eboris
1276 2780 1494 2844 fabros
1541 2786 1654 2844 aut
1699 2781 1865 2843 aeris
1911 2780 2168 2860 amavit,

481 2866 817 2946 suspendit
859 2867 1036 2948 picta
1078 2866 1323 2930 voltum
1367 2871 1773 2947 mentemque
1818 2864 2080 2943 tabella,

478 2973 648 3015 nunc
690 2951 1081 3031 tibicinibus,
1125 2974 1295 3016 nunc
1341 2959 1441 3033 031,
1485 2952 1704 3034 gavisa
1746 2952 2101 3033 tragoedis:

481 3037 598 3100 sub
644 3038 895 3101 nutrice
940 3002 1159 3135 puella
1200 3038 1376 3101 velut
1421 3038 1477 3101 si
1519 3038 1773 3101 luderet
1816 3037 2045 3114 infans,

481 3123 657 3203 quod
701 3124 940 3205 cupide
976 3124 1182 3205 petiit,
1229 3130 1480 3187 mature
1525 3124 1718 3205 plena
1762 3123 2038 3203 reliquit.

382 3244 389 3253 .
481 3208 638 3291 quid
680 3208 897 3290 placet
942 3216 1054 3272 aut
1098 3211 1245 3273 odio
1294 3216 1410 3289 est,
1459 3210 1630 3290 quod
1676 3230 1804 3271 non
1849 3208 2157 3273 mutabile
2205 3204 2476 3274 credas‘>

282 3557 397 3612 105

476 3297 603 3358 hoc
644 3315 840 3376 paces
883 3294 1167 3359 habuere
1213 3296 1421 3359 bonae
1467 3296 1764 3375 ventique
1812 3295 2092 3358 secundi.

478 3380 721 3443 Romae
768 3379 953 3444 dulce
1001 3382 1109 3444 diu
1154 3381 1275 3444 fuit
1320 3388 1385 3445 et
1432 3380 1736 3445 sollemne
1781 3380 2032 3443 reclusa

478 3486 667 3529 mane
714 3466 903 3529 domo
948 3467 1231 3549 vigilare,
1280 3467 1497 3531 clienti
1540 3486 1834 3548 promere
1879 3467 2038 3544 iura,

482 3558 706 3615 cautos
748 3551 1111 3621 nominibus
1155 3553 1349 3617 rectis
1396 3553 1754 3633 expendere
1799 3572 2110 3631 11111111Πο3,

479 3638 757 3701 maiores
802 3638 1045 3718 audire,
1091 3638 1323 3702 minori
1368 3638 1602 3717 dicere,
1647 3659 1764 3719 per
1809 3658 1972 3719 quae

396 3740 398 3742 ’
482 3744 769 3787 crescere
814 3744 918 3787 res
962 3729 1201 3804 posset,
1247 3724 1448 3786 minui
1492 3724 1802 3787 damnosa
1845 3723 2062 3787 libido.

478 3810 752 3873 mutavit
794 3816 1077 3873 mentem
1119 3809 1395 3891 populus
1440 3809 1597 3873 levis
1643 3815 1710 3874 et
1754 3810 1921 3873 calet
1963 3830 2089 3873 uno
