2784 4319
1329 465 1620 541 XXIII.

850 635 1045 700 Caelo
1091 637 1351 719 supinas
1397 639 1473 704 si·
1495 637 1722 720 tuleris
1765 660 1993 704 manus

849 728 1152 788 nascente
1196 723 1368 805 luna,
1412 724 1655 790 rustica
1697 724 1982 809 Phidyle,

936 809 991 874 si
1034 815 1177 872 ture
1220 809 1501 893 placaris
1547 815 1615 874 et
1656 809 1865 876 horna

1018 893 1200 978 fruge
1243 893 1444 961 Lares
1489 896 1802 979 avidaque
1845 917 2062 979 porca,

273 1020 311 1075 5
600 1055 602 1058 ⁴
847 1035 969 1080 nec
1010 1015 1422 1115 pestilentem
1465 1016 1702 1082 sentiet
1741 1017 2028 1082 Africum

291 1125 295 1129 ·
848 1100 1123 1178 fecunda
1164 1100 1314 1167 vitis
1357 1122 1479 1167 nec
1521 1102 1806 1166 sterilem
1851 1123 2034 1185 seges

933 1187 1291 1268 robiginem
1334 1194 1449 1253 aut
1492 1187 1712 1253 dulces
1757 1188 1998 1253 alumni

1020 1273 1334 1355 pomifero
1379 1296 1572 1357 grave
1615 1279 1869 1356 tempus
1913 1295 2102 1342 anno.

846 1415 997 1458 nam
1041 1414 1207 1476 quae
1250 1393 1447 1458 nivali
1488 1394 1774 1476 pascitur
1815 1393 2048 1476 Algido

234 1483 311 1541 10
847 1480 1081 1546 devota
1124 1501 1398 1562 quercus
1439 1480 1612 1544 inter
1653 1485 1721 1546 et
1761 1479 1944 1544 ilices

231 1569 233 1572 ’
302 1585 308 1594 ·
932 1570 1048 1630 aut
1090 1567 1322 1630 crescit
1362 1565 1632 1631 Albanis
1671 1567 1740 1630 in
1782 1565 2001 1632 herbis

1017 1651 1295 1731 victima,
1340 1651 1716 1733 pontificum
1760 1672 2017 1716 secures

712 1803 716 1808 ’
816 1831 820 1836 .
848 1771 1093 1836 cervice
1136 1772 1417 1853 tinguet:
1462 1777 1529 1836 te
1572 1771 1733 1838 nihil
1776 1772 2026 1838 adtinet

848 1863 1168 1938 temptare
1213 1857 1419 1922 multa
1462 1858 1663 1927 caede
1707 1857 2066 1930 bidentium

232 1947 311 2005 15
931 1963 1163 2025 parvos
1210 1949 1625 2008 coronantem
1667 1945 1915 2008 marino

858 2051 865 2055 ·
1018 2049 1163 2094 rore
1209 2028 1365 2095 deos
1409 2029 1748 2112 fragilique
1790 2035 2019 2114 myrto.

844 2149 1122 2215 inmunis
1166 2170 1347 2215 aram
1392 2151 1449 2216 si
1490 2151 1708 2234 tetigit
1748 2172 1996 2231 manus,

845 2256 976 2300 non
1019 2243 1395 2318 sumptuosa
1435 2236 1738 2303 blandior
1775 2236 1990 2303 hostia

934 2322 1204 2385 mollivit
1248 2343 1507 2395 aversos
1550 2322 1824 2388 Penates

228 2412 310 2469 20
972 2484 975 2487 ⁴
1018 2408 1191 2472 farre
1233 2410 1343 2491 pio
1389 2414 1457 2473 et
1499 2408 1770 2473 saliente
1815 2409 2000 2473 mica.

1270 2625 1272 2627 ·
1330 2597 1622 2673 XXIV.

736 2767 1011 2831 Intactis
1052 2716 1417 2851 opulentior

909 2846 1229 2918 thesauris
1272 2853 1560 2917 Arabum
1605 2857 1671 2918 et
1716 2853 1932 2917 divitis
1973 2852 2199 2918 Indiae

740 2939 1091 3003 caementis
1132 2939 1286 3003 licet
1332 2959 1607 3021 occupes

334 225 416 286 66
1124 225 1402 280 nonam
1437 201 1822 276 OARMINUM
2161 300 2165 304 ῃ
2399 179 2408 186 ’
2439 228 2479 256 2

2747 2816 2749 2877 4

912 3023 1304 3109 Tyrrhenum
1340 3044 1530 3089 omne
1566 3024 1695 3089 tuis
1719 3029 1785 3089 et
1823 3044 2001 3088 mare
2022 3023 2396 3107 Apulicum:
2747 3006 2750 3085 Ι

269 3150 306 3207 5
738 3146 794 3211 si
835 3144 977 3227 figit
1020 3144 1467 3210 adamantinos

910 3230 1174 3295 summis
1215 3230 1562 3295 verticibus
1607 3231 1748 3294 dira
1789 3229 2159 3295 Necessitas

739 3316 973 3397 clavos,
1018 3336 1147 3383 non
1192 3316 1475 3380 animum
1519 3322 1713 3396 metu,

908 3421 1039 3467 non
1080 3402 1307 3466 mortis
1349 3401 1598 3484 laqueis
1643 3400 1944 3485 expedies
1989 3405 2201 3483 caput.

738 3526 1133 3604 campestres
1177 3520 1405 3586 melius
1452 3520 1747 3605 Scythae,

225 3615 305 3671 10
899 3626 1183 3689 quorum
1216 3605 1508 3691 plaustra
1543 3628 1754 3690 vagas>
1773 3608 1900 3672 rite
1936 3606 2204 3671 trahunt
2241 3606 2495 3686 domos,

736 3694 957 3757 vivunt
1000 3697 1067 3757 et
1109 3692 1302 3777 rigidi
1346 3692 1569 3774 Getae,

908 3779 1221 3844 inmetata
1265 3779 1494 3862 quibus
1537 3780 1760 3862 iugera
1801 3778 2038 3842 liberas
