2784 4319
354 793 432 848 45

350 1278 429 1331 50

347 1758 427 1813 55

345 2242 427 2295 60

342 2771 421 2827 65

342 3253 420 3305 70

342 3730 421 3785 75

452 261 537 322 80

1247 253 1525 310 HORATI
1562 259 1946 311 CARMINUM

868 395 980 475 qui
1022 395 1266 476 primus
1314 395 1485 460 alma
1530 397 1672 459 risit
1717 397 1977 475 adorea,

870 480 1045 545 dirus
1089 501 1207 562 per
1250 481 1443 545 urbes
1489 482 1644 546 Afer
1686 489 1760 546 ut
1802 482 2000 546 Italas

955 586 1073 630 ceu
1114 566 1375 630 flamma
1419 589 1538 649 per
1582 569 1808 632 taedas
1851 569 1953 632 vel
1997 569 2207 634 Eurus

1041 673 1158 733 per
1202 653 1450 716 Siculas
1497 655 1807 735 equitavit
1849 655 2072 718 undas,

867 795 1018 870 post
1057 790 1182 854 hoc
1226 790 1523 855 secundis
1568 811 1770 872 usque
1814 790 2142 854 laboribus

867 875 1156 944 Romana
1198 876 1402 957 pubes
1449 879 1667 956 crevit,
1715 884 1782 940 et
1825 879 1998 958 inpio

953 967 1207 1026 vastata
1249 963 1610 1026 Poenorum
1651 962 1932 1026 tumultu

1038 1047 1191 1111 fana
1237 1049 1391 1112 deos
1437 1049 1720 1112 habuere
1763 1055 1998 1127 rectOS,

866 1185 1154 1266 dixitque
1199 1187 1463 1250 tandem
1507 1185 1788 1268 perfidus
1833 1186 2186 1251 Hannibal:

862 1269 1078 1352 cervi,
1124 1271 1423 1354 luporum
1467 1273 1713 1354 praeda
1757 1274 2107 1368 rapacium,

951 1363 1275 1422 sectamur
1318 1358 1510 1436 ultm,
1559 1378 1718 1439 quos
1765 1359 2014 1440 opimus

1037 1443 1261 1507 fallere
1310 1450 1377 1506 et
1422 1443 1700 1525 effugere
1748 1451 1846 1508 est
1889 1445 2268 1525 triumphus.

864 1600 1041 1662 gem,
1086 1601 1253 1661 quae
1300 1588 1583 1644 cremato
1630 1581 1814 1645 fortis
1861 1581 1945 1645 ah
1987 1581 2107 1645 Ilio

824 1715 831 1724 .
864 1668 1109 1730 iactata
1152 1665 1375 1730 Tuscis
1422 1668 1806 1748 aequoribus
1853 1687 2038 1731 sacra

948 1757 1265 1833 natosque
1310 1759 1723 1838 maturosque
1767 1760 1988 1834 patres

1037 1838 1306 1920 pertulit
1346 1839 1664 1902 Ausonias
1709 1841 1794 1902 ad
1837 1837 2049 1918 urbeS,

862 1973 1039 2038 duris
1084 1980 1158 2038 ut
1200 1974 1329 2038 ilex
1374 1981 1564 2040 tonsa
1608 1976 1990 2058 bipennibus

861 2061 1083 2142 nigrae
1128 2060 1325 2125 feraci
1370 2062 1618 2126 frondis
1661 2064 1728 2125 in.
1772 2061 2023 2145 Algido,

946 2168 1066 2228 per
1108 2147 1361 2229 damna,
1409 2170 1528 2231 per
1573 2148 1822 2228 caedes,
1870 2148 1950 2212 ab
2000 2149 2137 2231 ipso

1016 2233 1215 2318 ⁴ducit
1258 2255 1414 2315 opes
1461 2236 1869 2317 animumque
1914 2235 2103 2299 ferr0.

861 2391 992 2434 11011
1034 2371 1241 2454 hydra
1285 2378 1463 2435 secto
1509 2392 1776 2453 corpore
1820 2371 2071 2438 firmior.

861 2458 1028 2520 vinci
1074 2457 1401 2522 dolentem
1447 2459 1646 2521 crevit
1688 2460 1754 2521 in
1799 2458 2160 2537 Herculem,

948 2549 1380 2607 monstrumve
1427 2543 1779 2608 submisere
1827 2544 2048 2608 Colchi

1032 2631 1239 2694 maius
1283 2628 1712 2694 Echioniaeve
1760 2629 2038 2695 Thebae.

860 2787 1102 2831 merses
1146 2766 1504 2849 profundo:
1549 2766 1878 2849 pulchrior
1923 2769 2166 2847 evenit3

864 2853 1145 2917 luctere:
1192 2852 1398 2916 multa
1441 2858 1709 2935 proruet
1751 2855 2071 2934 integrum

949 2960 1094 3003 cum
1138 2938 1329 3001 laude
1375 2940 1686 3002 victorem
1731 2945 2037 3020 geretque

920 3040 933 3051 ·
1032 3024 1282 3106 proelia
1327 3024 1701 3106 coniugibus
1746 3024 2085 3105 loquenda.

864 3160 1236 3243 Carthagini
1281 3161 1412 3225 iam
1455 3183 1581 3225 non
1629 3182 1746 3242 ego
1791 3162 2048 3225 nuntios

860 3248 1117 3310 mittam
1162 3247 1504 3328 superbos:
1552 3247 1806 3325 occidit,
1854 3249 2092 3312 occidit

948 3353 1096 3414 spes
1142 3334 1347 3397 omnis
1392 3339 1459 3397 et
1502 3332 1759 3396 fortuna
1802 3335 2007 3397 nostri

1034 3419 1307 3481 nominis
1351 3418 1757 3482 Hasdrubale
1799 3420 2202 3502 interempto.

862 3554 953 3619 nil
1000 3554 1304 3619 Claudiae
1350 3577 1479 3619 non
1522 3554 1856 3637 perficient
1899 3576 2142 3635 manus,

864 3662 1024 3723 quas
1072 3646 1138 3704 et
1181 3642 1456 3721 benigno
1501 3643 1758 3704 numine
1803 3641 2092 3724 Iuppiter

951 3726 1240 3791 defendit
1285 3733 1350 3790 et
1397 3748 1586 3791 curae
1633 3748 1894 3809 sagaces

1037 3812 1386 3895 expediunt
1428 3834 1547 3896 per
1590 3820 1781 3877 acuta
1825 3810 2016 3877 belli'.
