2784 4319
1079 323 1152 372 LI
1160 323 1214 372 B.
1252 323 1349 374 ΙΙΙ.
1384 333 1540 374 V—VI

559 455 771 522 fertur
811 459 1083 540 pudicae
1130 461 1416 543 coniugis
1461 463 1746 527 osculum

555 564 921 626 parvosque
968 551 1152 610 natos
1194 553 1269 610 ut
1314 548 1546 629 capitis
1589 550 1796 614 minor

653 629 735 695 ab
780 651 849 694 se
892 625 1236 697 removisse
1282 639 1347 697 et
1389 633 1636 698 virilem

734 720 955 781 torvus
998 717 1171 781 humi
1216 720 1506 801 posuisse
1550 720 1810 800 voltum,

557 827 773 895 donec
817 832 1111 897 labantes
1157 830 1422 894 consilio
1466 835 1685 913 patres

554 913 854 982 firmaret
898 924 1125 982 auctor
1167 935 1515 998 numquam
1559 913 1720 978 alias
1765 913 1938 995 date,

654 1003 952 1086 interque
998 1006 1357 1067 maerentes
1404 1002 1643 1064 amicos

744 1091 1035 1171 egregius
1079 1092 1458 1171 properaret
1503 1085 1666 1150 exul.

554 1207 747 1288 atqui
792 1208 1057 1286 sciebat,
1104 1229 1269 1289 quae
1315 1206 1439 1271 sibi
1481 1205 1794 1271 barbarus
1895 1258 1899 1263 .

554 1297 777 1357 tort-or
818 1299 1112 1375 pararet:
1158 1313 1288 1357 non
1332 1291 1522 1356 aliter
1563 1297 1782 1358 tamen

655 1378 922 1443 dimovit
965 1379 1295 1445 obstantes
1338 1378 1730 1461 propinquos

742 1471 811 1529 et
851 1465 1161 1547 populum
1202 1463 1448 1528 reditus
1493 1468 1870 1542 morantem,

555 1601 760 1663 quam
802 1584 858 1647 si
878 1605 885 1614 ·
902 1583 1206 1648 clientum
1247 1584 1442 1665 longa
1483 1581 1742 1665 negotia

556 1668 916 1733 diiudicata
957 1669 1071 1734 lite
1115 1668 1525 1751 relinqueret,

646 1753 919 1820 tendens
960 1755 1359 1820 Venafranos
1405 1755 1473 1817 in
1516 1772 1706 1834 agros

741 1845 856 1904 aut
896 1839 1478 1906 Lacedaemonium
1521 1838 1886 1904 Tarentum.

1225 1977 1353 2053 VI.

554 2094 817 2163 ,Delicta
858 2095 1173 2161 maiorum
1216 2097 1550 2161 inmeritus
1594 2095 1753 2177 lues,

554 2180 867 2261 Romane,
915 2184 1119 2247 donec
1163 2183 1408 2265 templa
1449 2183 1752 2249 refeceris

579 2348 583 2353 ,
650 2268 970 2349 aedesque
1014 2268 1305 2333 labentes
1351 2269 1617 2332 deorum
1663 2274 1730 2333 et

734 2354 925 2418 foeda
967 2354 1151 2436 nigro
1196 2354 1538 2419 simulacra
1582 2353 1775 2417 fumo,

556 2470 662 2537 dis
705 2478 772 2537 te
816 2474 1128 2537 minorem
1172 2474 1345 2555 quod
1389 2475 1576 2556 geris,
1623 2475 1919 2555 imperas.

554 2557 711 2621 hinc
756 2578 941 2623 omne
984 2559 1385 2641 principium,
1433 2559 1558 2625 huc
1600 2559 1774 2625 refer
1815 2560 2085 2624 exitum:

650 2643 718 2708 di
759 2644 965 2709 multa
1006 2644 1284 2726 neglecti
1327 2645 1644 2708 dederunt

734 2728 1087 2811 Hesperiae
1131 2729 1303 2794 mala
1343 2729 1692 2794 luctuosae.

552 2846 691 2911 iam
732 2847 832 2912 bis
876 2846 1194 2912 Monaesis
1240 2855 1306 2913 et
1348 2848 1576 2913 Pacori
1618 2870 1846 2915 manus

553 2953 689 2997 non
733 2934 1096 3015 auspicatos
1142 2934 1434 2998 contudit
1475 2935 1750 3018 impetus

644 3023 897 3083 nostros
944 3025 1011 3083 et
1052 3020 1362 3084 adiecisse
1406 3020 1716 3102 praedam
1780 3023 1785 3028 ’

730 3104 1065 3187 torquibus
1111 3106 1351 3187 exiguis
1395 3105 1664 3169 renidet.

551 3242 763 3303 paene
810 3229 1188 3304 occupatam
1232 3224 1651 3288 seditionibus

552 3306 796 3373 delevit
838 3309 1061 3372 urbem
1105 3309 1319 3373 Dacus
1366 3316 1432 3372 et
1473 3308 1805 3393 Aethiops,

642 3392 749 3457 hic
794 3393 996 3458 classe
1041 3394 1440 3475 formidatuS,
1484 3394 1593 3459 ille

730 3479 1077 3545 missilibus
1119 3480 1347 3544 melior
1388 3481 1660 3563 sagittis.

550 3594 833 3663 fecunda
879 3598 1103 3696 culpae
1150 3598 1408 3663 saecula
1450 3599 1708 3681 nuptias

549 3683 840 3764 primum
877 3684 1289 3765 inquinavere
1334 3689 1402 3748 et
1445 3705 1644 3767 genus
1689 3691 1757 3751 et
1801 3684 2057 3752 domos:

642 3766 767 3832 hoc
810 3767 987 3833 fonte
1033 3770 1321 3833 derivata
1364 3768 1582 3835 clades

729 3853 797 3917 in
839 3855 1115 3934 patriam
1159 3852 1591 3938 populumque
1635 3852 1837 3919 fluxit.

2351 324 2435 384 53

2458 837 2540 891 45

2456 1298 2538 1352 50

2454 1759 2535 1814 55

2367 2932 2528 2985 .10

2443 3414 2524 3468 15

2437 3877 2524 3932 20
