2784 4319
999 149 1116 200 LIB
1153 149 1249 198 111.
1289 149 1474 190 III—{v

514 303 744 347 aurum
789 283 1185 367 inrepertum
1229 291 1298 348 et
1341 286 1433 348 sic
1476 286 1703 350 melius
1750 287 1961 366 situm,
2040 287 2047 300 '

517 389 667 432 cum
709 372 886 434 terra
932 368 1118 449 celat,
1166 389 1470 450 spernere
1515 370 1747 435 fortior

608 474 803 536 quam
848 474 1077 536 cogere
1120 454 1435 519 humanos
1477 457 1546 519 in
1592 478 1765 536 usuS,

695 559 882 604 omne
929 562 1180 605 sacrum
1225 542 1517 622 rapiente
1564 542 1811 607 dextra.

516 657 902 739 quicumque
947 659 1183 722 mundo
1229 661 1539 724 terminus
1585 660 1854 739 obstitit,

515 743 688 807 hunc
731 749 956 825 tanget
1002 746 1214 823 armis,
1259 745 1467 808 visere
1510 746 1811 828 gestiens,

610 849 736 910 qua
779 836 966 910 parte
1013 830 1491 895 debacchentur
1532 832 1733 913 igne8‚

696 936 824 995 qua
865 915 1139 980 nebulae
1183 916 1507 996 pluviique
1553 937 1754 980 rores.

415 1029 424 1034 ’
468 994 474 1002 l
522 1033 638 1096 sed
681 1034 1006 1098 bellicosis
1049 1034 1186 1098 fata
1233 1035 1583 1112 Quiritibus

254 3779 464 3824 notatim.

521 1117 647 1182 hae
692 1120 832 1202 lege
879 1121 1044 1198 dico,
1088 1142 1169 1185 ne
1215 1122 1483 1184 nimium
1528 1123 1620 1203 pii

610 1205 930 1286 rebusque
974 1204 1246 1270 fidentes
1292 1207 1503 1270 avitae

696 1297 873 1354 tecta
915 1292 1115 1357 velint
1155 1312 1459 1372 reparare
1506 1292 1759 1356 Troiae.

523 1407 753 1473 Troiae
798 1431 1142 1474 renascens
1187 1410 1339 1475 alite
1383 1409 1642 1492 lugubri

523 1495 784 1560 fortuna
827 1497 999 1560 tristi
1044 1495 1228 1560 clade
1271 1497 1632 1576 iterabitur,

613 1581 888 1646 ducente
933 1582 1226 1646 victrices
1273 1588 1565 1646 catervas

701 1669 968 1750 coniuge
1013 1689 1116 1730 me
1159 1667 1326 1732 Iovis
1374 1673 1441 1731 et
1485 1689 1722 1734 sorore.

524 1792 628 1850 ter
673 1788 727 1851 si
770 1792 1067 1868 resurgat
1109 1809 1326 1852 murus
1373 1796 1610 1852 aeneus

533 1877 798 1936 auctore
842 1873 1122 1951 Phoebo,
1170 1878 1272 1936 ter
1313 1879 1542 1954 pereat
1584 1874 1744 1939 meis

623 1959 870 2022 excisus
916 1959 1185 2040 Argivis,
1231 1965 1334 2022 ter
1376 1979 1540 2022 uxor

704 2049 896 2127 capta
937 2045 1142 2108 virum
1186 2065 1547 2126 puerosque
1592 2041 1843 2127 ploret’.

527 2183 657 2227 non
699 2163 824 2227 hoc
867 2165 1122 2229 iocosae
1167 2166 1506 2229 conveniet
1547 2164 1757 2247 lyrae:

531 2270 677 2331 qu0‚
721 2248 925 2329 Musa,
973 2251 1231 2314 tendis?
1276 2251 1495 2315 desine
1540 2250 1842 2332 pervicax

609 2334 856 2400 ‘referre
905 2357 1232 2400 sermones
1278 2336 1546 2399 deorum
1592 2342 1659 2399 et

701 2442 934 2503 magna
978 2422 1185 2485 modis
1230 2427 1497 2485 tenuare
1543 2421 1775 2502 parvis,

1202 2560 1327 2633 IV.

537 2678 866 2743 Descende
913 2678 1091 2742 caelo
1140 2684 1206 2741 et
1251 2679 1354 2742 dic
1399 2700 1518 2760 age
1564 2677 1725 2743 tibia

531 2766 756 2846 regina
796 2764 1057 2845 longum
1104 2763 1388 2845 Calliope
1434 2764 1654 2842 meIOS,

619 2871 733 2914 seu
775 2859 930 2913 'voce
975 2871 1143 2912 nunc
1188 2850 1387 2912 mavis
1434 2855 1643 2927 acuta,

707 2956 821 2999 seu
862 2934 1094 2998 fidibus
1141 2935 1513 3016 citharaque
1558 2932 1818 2998 Phoebi.

537 3054 793 3134 auditis,
841 3077 924 3117 an
969 3077 1070 3117 me
1116 3054 1284 3118 ludit
1327 3055 1621 3119 amabilis

538 3142 834 3205 insania?
877 3141 1100 3203 audire
1147 3146 1214 3203 et
1255 3141 1478 3205 videor
1520 3141 1661 3221 pios

625 3246 840 3289 errare
885 3248 1002 3307 per
1044 3224 1242 3301 lucos7
1291 3246 1599 3289 amoenae

643 3380 647 3385 ,
711 3333 870 3393 quos
919 3318 985 3375 et
1029 3332 1235 3391 aquae
1281 3312 1558 3375 subeunt
1602 3316 1667 3375 et
1712 3328 1927 3373 aurae.

537 3452 639 3495 me
683 3430 1012 3495 fabulosae
1058 3430 1324 3495 Volture
1368 3431 1435 3492 in
1478 3430 1685 3511 Apulo

540 3516 804 3581 nutricis
851 3521 1033 3580 extra
1074 3516 1298 3579 limina
1341 3516 1627 3598 †Pulliae

625 3602 778 3665 ludo
823 3602 1288 3682 fatigatumque
1335 3621 1558 3664 somno

711 3687 936 3751 fronde
983 3707 1148 3750 nova
1189 3707 1460 3767 puerum
1503 3683 1840 3767 palumbes

1982 3800 2021 3850 4

2304 158 2387 218 49

2411 381 2491 434 50

2412 837 2493 894 55

2417 1299 2498 1352 60

2418 1791 2499 1845 65

2423 2254 2502 2307 70

2428 3514 2507 3565 10
