2784 4319
375 262 500 321 208

305 661 382 715 65

308 1092 384 1144 70

305 1522 382 1575 75

305 1954 383 2007 80

304 2386 380 2438 85

304 2817 381 2872 90

301 3248 380 3302 95

261 3677 381 3732 100

1104 259 1380 309 HORATI
1414 259 1926 311 EPISTULARUM

574 404 640 460 et
684 398 980 460 iuvenum
1026 397 1153 461 ritu
1198 395 1431 482 florent
1475 398 1667 461 modo
1712 403 1869 463 nata
1912 398 2270 478 vigentque.

571 484 882 547 debemur
925 484 1116 547 morti
1161 505 1277 546 nos
1322 491 1701 565 nostraque:
1750 485 1879 549 sive
1924 488 2221 564 receptus
2300 498 2309 504 ”

571 575 747 633 terra
789 568 1122 650 Neptunus
1171 569 1409 633 classes
1453 570 1875 651 Aquilonibus
1920 574 2118 647 arcet,

572 656 741 737 regis
789 676 966 736 opUS,
1016 655 1326 719 sterilisve
1374 657 1482 719 diu
1526 658 1713 738 palus
1760 661 2039 739 aptaque
2083 654 2277 719 remis

574 742 812 807 vicinas
859 742 1048 805 urbes
1094 741 1212 805 alit
1256 748 1321 806 et
1365 764 1557 825 grave
1604 744 1801 808 sentit
1845 748 2150 819 aratrum,

573 850 687 891 seu
733 849 987 892 cursum
1031 831 1302 892 mutavit
1345 830 1633 910 iniquum
1679 828 1969 911 frugibus
2007 828 2239 906 amnis,

573 915 800 977 doctus
844 915 968 977 iter
1012 914 1269 979 melius:
1315 916 1616 979 mortalia
1660 916 1836 980 facta
1879 914 2213 996 peribunt3

573 1000 809 1065 nedum
855 1022 1216 1066 sermonum
1263 1006 1390 1065 stet
1434 1002 1639 1067 honos
1688 1008 1753 1065 et
1799 1001 2009 1083 gratia
2052 1000 2254 1063 vivax.

571 1086 774 1150 multa
817 1094 1235 1151 renascentur
1279 1108 1444 1169 quae
1488 1089 1620 1152 iam
1667 1088 1979 1167 cecidere,
2028 1084 2387 1167 cadentque

572 1194 736 1253 quae
781 1194 950 1236 nunc
997 1179 1143 1237 sunt
1187 1174 1253 1237 in
1297 1173 1541 1238 honore
1588 1173 1925 1255 vocabula,
1971 1173 2027 1236 si
2069 1170 2243 1235 volet
2284 1193 2460 1251 usim,

572 1280 761 1339 quem
805 1280 1002 1341 penes
1049 1260 1385 1323 arbitrium
1433 1266 1533 1325 est
1576 1268 1643 1324 et
1686 1262 1783 1325 ius
1832 1265 1897 1324 et
1941 1280 2167 1323 norma
2211 1256 2539 1339 loquendi.

568 1366 673 1409 res
719 1351 938 1427 gestae
982 1368 1332 1427 regumque
1379 1347 1743 1427 ducumque
1792 1352 1858 1409 et
1900 1344 2115 1410 tristia
2160 1342 2337 1409 bella

571 1452 696 1511 quo
745 1431 937 1495 scribi
984 1440 1249 1513 possent
1293 1453 1579 1513 numerO,
1626 1431 2005 1500 monstravit
2046 1428 2383 1494 Homerus.

567 1518 860 1582 versibus
905 1519 1216 1601 inpariter
1261 1519 1493 1583 iunctis
1540 1519 1940 1601 querimonia
1984 1518 2277 1599 primum,

569 1610 719 1686 post
765 1605 959 1668 etiam
1003 1604 1250 1668 inclusa
1298 1611 1397 1669 est
1441 1606 1572 1669 voti
1620 1605 1940 1670 sententia
1986 1624 2255 1685 conpos3

571 1690 712 1771 quis
758 1696 975 1755 tamen
1022 1692 1282 1773 exiguos
1331 1691 1545 1774 elegos
1595 1691 1878 1755 emiserit
1924 1696 2167 1767 auctor,

570 1777 971 1857 grammatici
1018 1784 1270 1841 certant
1316 1784 1381 1841 et
1427 1778 1637 1841 adhuc
1684 1778 1800 1841 sub
1847 1775 2055 1839 iudice
2101 1775 2180 1838 lis
2228 1781 2343 1839 est.

571 1862 1024 1926 Archilochum
1067 1864 1328 1944 proprio
1373 1863 1587 1927 rabies
1634 1864 1906 1928 armavit
1950 1861 2195 1925 iambo:

569 1948 739 2012 hunc
785 1950 955 2013 socci
1001 1969 1229 2030 cepere
1274 1949 1508 2029 pedem
1554 1949 1955 2031 grandesque
2002 1947 2316 2015 cothurni,

571 2034 835 2099 alternis
881 2040 1104 2116 aptum
1150 2034 1546 2101 sermonibus
1594 2042 1659 2099 et
1702 2035 2045 2117 populares

569 2120 929 2185 vincentem
975 2122 1279 2202 strepitus
1326 2127 1394 2185 et
1435 2127 1659 2186 natum
1702 2121 1893 2186 rebus
1940 2120 2223 2203 agendis,

569 2207 757 2271 Musa
801 2208 981 2271 dedit
1023 2206 1256 2272 fidibus
1303 2207 1481 2273 divos
1526 2228 1885 2290 puerosque
1933 2207 2199 2270 deorum

574 2300 641 2357 et
683 2293 966 2375 pugilem
1008 2295 1316 2358 victorem
1363 2300 1430 2358 et
1476 2315 1708 2376 equum
1755 2294 2104 2358 certamine
2148 2292 2431 2374 primum

575 2386 640 2443 et
683 2381 982 2443 iuvenum
1027 2401 1212 2444 curas
1259 2385 1324 2444 et
1368 2380 1574 2446 libera
1617 2382 1764 2444 vina
1808 2380 2068 2443 referre.

571 2466 914 2547 discriptas
960 2487 1212 2530 servare
1258 2467 1429 2531 vices
1476 2477 1865 2548 operumque
1914 2464 2160 2529 colores

569 2573 684 2616 cur
728 2572 846 2634 ego
891 2553 945 2616 si
989 2572 1235 2633 nequeo
1281 2554 1631 2634 ignoroque
1676 2558 1871 2633 poeta
1917 2551 2205 2615 salutor‘?

570 2659 683 2702 cur
725 2639 972 2702 nescire
1017 2639 1263 2720 pudens
1308 2660 1503 2720 prave
1550 2659 1742 2719 quam
1787 2638 2033 2701 discere
2080 2635 2297 2722 malo?

567 2724 855 2788 versibus
902 2725 1133 2805 exponi
1177 2725 1439 2806 tragicis
1484 2746 1587 2788 res
1635 2725 1878 2787 comica
1922 2745 2050 2787 non
2094 2722 2258 2800 volt,

499 2879 504 2884 ,
567 2811 941 2892 indignatur
985 2811 1140 2873 item
1185 2811 1452 2891 privatis
1500 2831 1576 2874 ac
1621 2831 1823 2891 prope
1871 2830 2057 2873 socco

570 2897 779 2978 dignis
825 2897 1210 2961 carminibus
1255 2897 1504 2960 narrari
1550 2917 1709 2959 cena
1761 2895 2093 2978 Thyestae.

569 2982 819 3064 singula
863 3002 1153 3062 quaeque
1198 2981 1410 3045 locum
1453 2988 1718 3045 teneant
1764 2982 1991 3045 sortita
2038 2981 2389 3043 decentem.

567 3069 893 3132 interdum
936 3074 1155 3133 tamen
1201 3074 1266 3132 et
1309 3089 1532 3132 vocem
1578 3066 1913 3132 comoedia
1955 3065 2143 3145 tollit,

568 3153 900 3234 iratusque
948 3153 1251 3218 Chremes
1297 3155 1545 3217 tumido
1594 3153 1887 3234 delitigat
1934 3174 2078 3230 ore3

571 3245 638 3304 et
681 3241 962 3322 tragicus
1007 3241 1381 3322 plerumque
1430 3240 1607 3303 dolet
1652 3260 1945 3303 sermone
1988 3236 2275 3320 pedestri

570 3325 888 3408 Telephus
936 3333 1001 3389 et
1045 3326 1290 3406 Peleus,
1339 3347 1483 3389 cum
1527 3346 1775 3407 pauper
1820 3330 1886 3388 et
1931 3323 2077 3388 exul
2120 3328 2392 3402 uterque

567 3413 804 3494 proicit
847 3413 1163 3500 ampullas
1209 3419 1276 3476 et
1319 3411 1794 3493 sesquipedalia
1836 3410 2052 3488 verba,

570 3499 624 3563 si
671 3505 854 3565 curat
899 3520 1009 3563 cor
1055 3499 1405 3581 spectantis
1450 3498 1737 3579 tetigisse
1786 3495 2086 3577 querella.

567 3605 698 3650 non
743 3585 898 3650 satis
948 3590 1047 3649 est
1089 3584 1362 3667 pulchra
1409 3605 1547 3648 esse
1593 3588 1925 3665 poemata:
1974 3581 2187 3645 dulcia
2234 3585 2421 3644 sunto

569 3676 653 3751 et,
701 3690 1101 3752 quocumque
1145 3671 1379 3748 volent,
1428 3671 1712 3734 animum
1758 3668 2069 3731 auditoris
2123 3672 2379 3748 agunto.

565 3764 639 3821 ut
681 3758 1041 3822 ridentibus
1087 3757 1405 3833 adrident,
1450 3757 1546 3818 ita
1588 3753 1886 3817 flentibus
1932 3753 2166 3817 adsunt

567 3842 829 3908 humani
877 3842 1118 3922 voltus,
1166 3843 1220 3905 si
1264 3843 1357 3904 vis
1405 3862 1508 3904 me
1552 3839 1727 3919 flere,
1775 3839 2119 3904 dolendum
2165 3843 2265 3902 est
