<?xml version="1.0" encoding="UTF-8"?>
<!DOCTYPE html PUBLIC "-//W3C//DTD XHTML 1.0 Transitional//EN"
    "http://www.w3.org/TR/xhtml1/DTD/xhtml1-transitional.dtd">
<html xmlns="http://www.w3.org/1999/xhtml" xml:lang="en" lang="en">
 <head>
  <title>
</title>
<meta http-equiv="Content-Type" content="text/html;charset=utf-8" />
  <meta name='ocr-system' content='tesseract 3.04.00' />
  <meta name='ocr-capabilities' content='ocr_page ocr_carea ocr_par ocr_line ocrx_word'/>
</head>
<body>
  <div class='ocr_page' id='page_1' title='image "./qhoratiiflaccic00petsgoog_0071.png"; bbox 0 0 2784 4319; ppageno 0'>
   <div class='ocr_carea' id='block_1_1' title="bbox 981 217 1503 266">
    <p class='ocr_par' dir='ltr' id='par_1_1' title="bbox 981 217 1503 266">
     <span class='ocr_line' id='line_1_1' title="bbox 981 217 1503 266; baseline 0 0"><span class='ocrx_word' id='word_1_1' title='bbox 981 217 1120 266; x_wconf 86' lang='lat' dir='ltr'><strong>LIB.</strong></span> <span class='ocrx_word' id='word_1_2' title='bbox 1156 217 1226 266; x_wconf 88' lang='lat'><strong>11.</strong></span> <span class='ocrx_word' id='word_1_3' title='bbox 1262 225 1503 266; x_wconf 85' lang='lat' dir='ltr'><strong>xm-xv</strong></span> 
     </span>
    </p>
   </div>
   <div class='ocr_carea' id='block_1_2' title="bbox 543 347 1860 692">
    <p class='ocr_par' dir='ltr' id='par_1_2' title="bbox 543 347 1860 692">
     <span class='ocr_line' id='line_1_2' title="bbox 546 347 1754 450; baseline 0.002 -34"><span class='ocrx_word' id='word_1_4' title='bbox 546 353 864 450; x_wconf 77' lang='lat' dir='ltr'><strong>conpescit</strong></span> <span class='ocrx_word' id='word_1_5' title='bbox 905 353 1100 433; x_wconf 82' lang='lat' dir='ltr'><strong>unda,</strong></span> <span class='ocrx_word' id='word_1_6' title='bbox 1145 352 1392 417; x_wconf 84' lang='lat' dir='ltr'><strong>scilicet</strong></span> <span class='ocrx_word' id='word_1_7' title='bbox 1442 347 1754 431; x_wconf 80' lang='lat' dir='ltr'><strong>omnibus,</strong></span> 
     </span>
     <span class='ocr_line' id='line_1_3' title="bbox 543 439 1860 521; baseline 0.001 -20"><span class='ocrx_word' id='word_1_8' title='bbox 543 439 918 521; x_wconf 79' lang='lat' dir='ltr'><strong>quicumque</strong></span> <span class='ocrx_word' id='word_1_9' title='bbox 959 444 1176 504; x_wconf 83' lang='lat' dir='ltr'><strong>terrae</strong></span> <span class='ocrx_word' id='word_1_10' title='bbox 1218 459 1480 503; x_wconf 88' lang='lat' dir='ltr'><strong>munere</strong></span> <span class='ocrx_word' id='word_1_11' title='bbox 1523 440 1860 519; x_wconf 81' lang='lat' dir='ltr'><strong>vescimur,</strong></span> 
     </span>
     <span class='ocr_line' id='line_1_4' title="bbox 621 524 1444 606; baseline -0.001 -18"><span class='ocrx_word' id='word_1_12' title='bbox 621 524 1036 606; x_wconf 82' lang='lat' dir='ltr'><strong>enaviganda,</strong></span> <span class='ocrx_word' id='word_1_13' title='bbox 1081 525 1214 589; x_wconf 87' lang='lat' dir='ltr'><strong>sive</strong></span> <span class='ocrx_word' id='word_1_14' title='bbox 1257 545 1444 606; x_wconf 86' lang='lat' dir='ltr'><strong>reges</strong></span> 
     </span>
     <span class='ocr_line' id='line_1_5' title="bbox 705 609 1667 692; baseline 0 -18"><span class='ocrx_word' id='word_1_15' title='bbox 705 610 836 674; x_wconf 88' lang='lat' dir='ltr'><strong>sive</strong></span> <span class='ocrx_word' id='word_1_16' title='bbox 879 611 1104 692; x_wconf 89' lang='lat' dir='ltr'><strong>inopes</strong></span> <span class='ocrx_word' id='word_1_17' title='bbox 1150 612 1386 674; x_wconf 88' lang='lat' dir='ltr'><strong>erimus</strong></span> <span class='ocrx_word' id='word_1_18' title='bbox 1439 609 1667 676; x_wconf 78' lang='lat' dir='ltr'><strong>coloni.</strong></span> 
     </span>
    </p>
   </div>
   <div class='ocr_carea' id='block_1_3' title="bbox 534 729 1851 1070">
    <p class='ocr_par' dir='ltr' id='par_1_3' title="bbox 534 729 1851 1070">
     <span class='ocr_line' id='line_1_6' title="bbox 534 729 1735 795; baseline 0.002 -3"><span class='ocrx_word' id='word_1_19' title='bbox 534 729 770 795; x_wconf 86' lang='lat' dir='ltr'><strong>frustra</strong></span> <span class='ocrx_word' id='word_1_20' title='bbox 814 735 1080 794; x_wconf 89' lang='lat' dir='ltr'><strong>cruento</strong></span> <span class='ocrx_word' id='word_1_21' title='bbox 1121 729 1332 794; x_wconf 85' lang='lat' dir='ltr'><strong>Marte</strong></span> <span class='ocrx_word' id='word_1_22' title='bbox 1377 731 1735 794; x_wconf 82' lang='lat' dir='ltr'><strong>carebimus</strong></span> 
     </span>
     <span class='ocr_line' id='line_1_7' title="bbox 535 811 1794 898; baseline -0.001 -18"><span class='ocrx_word' id='word_1_23' title='bbox 535 815 880 898; x_wconf 85' lang='lat' dir='ltr'><strong>fractisque</strong></span> <span class='ocrx_word' id='word_1_24' title='bbox 925 817 1106 880; x_wconf 88' lang='lat' dir='ltr'><strong>rauci</strong></span> <span class='ocrx_word' id='word_1_25' title='bbox 1147 814 1447 880; x_wconf 89' lang='lat' dir='ltr'><strong>fluctibus</strong></span> <span class='ocrx_word' id='word_1_26' title='bbox 1492 811 1794 895; x_wconf 81' lang='lat' dir='ltr'><strong>Hadriae,</strong></span> 
     </span>
     <span class='ocr_line' id='line_1_8' title="bbox 616 901 1785 986; baseline -0.003 -20"><span class='ocrx_word' id='word_1_27' title='bbox 616 901 856 968; x_wconf 79' lang='lat' dir='ltr'><strong>frustra</strong></span> <span class='ocrx_word' id='word_1_28' title='bbox 895 923 1016 986; x_wconf 82' lang='lat' dir='ltr'><strong>per</strong></span> <span class='ocrx_word' id='word_1_29' title='bbox 1059 907 1402 967; x_wconf 68' lang='lat' dir='ltr'><strong>autumnos</strong></span> <span class='ocrx_word' id='word_1_30' title='bbox 1445 907 1785 966; x_wconf 77' lang='lat' dir='ltr'><strong>nocentem</strong></span> 
     </span>
     <span class='ocr_line' id='line_1_9' title="bbox 705 987 1851 1070; baseline -0.002 -18"><span class='ocrx_word' id='word_1_31' title='bbox 705 987 1079 1070; x_wconf 83' lang='lat' dir='ltr'><strong>corporibus</strong></span> <span class='ocrx_word' id='word_1_32' title='bbox 1123 993 1484 1052; x_wconf 79' lang='lat' dir='ltr'><strong>metuemus</strong></span> <span class='ocrx_word' id='word_1_33' title='bbox 1528 988 1851 1052; x_wconf 83' lang='lat' dir='ltr'><strong>Austrum.</strong></span> 
     </span>
    </p>
   </div>
   <div class='ocr_carea' id='block_1_4' title="bbox 532 1105 1747 1277">
    <p class='ocr_par' dir='ltr' id='par_1_4' title="bbox 532 1105 1747 1277">
     <span class='ocr_line' id='line_1_10' title="bbox 534 1105 1667 1190; baseline 0.002 -21"><span class='ocrx_word' id='word_1_34' title='bbox 534 1107 832 1173; x_wconf 83' lang='lat' dir='ltr'><strong>visendus</strong></span> <span class='ocrx_word' id='word_1_35' title='bbox 875 1112 1020 1172; x_wconf 86' lang='lat' dir='ltr'><strong>ater</strong></span> <span class='ocrx_word' id='word_1_36' title='bbox 1058 1105 1318 1171; x_wconf 90' lang='lat' dir='ltr'><strong>flumine</strong></span> <span class='ocrx_word' id='word_1_37' title='bbox 1361 1107 1667 1190; x_wconf 83' lang='lat' dir='ltr'><strong>languido</strong></span> 
     </span>
     <span class='ocr_line' id='line_1_11' title="bbox 532 1193 1747 1277; baseline -0.001 -20"><span class='ocrx_word' id='word_1_38' title='bbox 532 1193 800 1277; x_wconf 81' lang='lat' dir='ltr'><strong>Cocytos</strong></span> <span class='ocrx_word' id='word_1_39' title='bbox 845 1213 1066 1258; x_wconf 86' lang='lat' dir='ltr'><strong>errans</strong></span> <span class='ocrx_word' id='word_1_40' title='bbox 1111 1199 1180 1258; x_wconf 92' lang='lat' dir='ltr'><strong>et</strong></span> <span class='ocrx_word' id='word_1_41' title='bbox 1219 1193 1430 1257; x_wconf 85' lang='lat' dir='ltr'><strong>Danai</strong></span> <span class='ocrx_word' id='word_1_42' title='bbox 1473 1214 1671 1275; x_wconf 87' lang='lat' dir='ltr'><strong>genus</strong></span> <span class='ocrx_word' id='word_1_43' title='bbox 1742 1249 1747 1256; x_wconf 85' lang='lat'><strong>.</strong></span> 
     </span>
    </p>
   </div>
   <div class='ocr_carea' id='block_1_5' title="bbox 613 1278 1659 1448">
    <p class='ocr_par' dir='ltr' id='par_1_5' title="bbox 613 1278 1639 1448">
     <span class='ocr_line' id='line_1_12' title="bbox 613 1278 1585 1362; baseline -0.001 -20"><span class='ocrx_word' id='word_1_44' title='bbox 613 1278 854 1343; x_wconf 85' lang='lat' dir='ltr'><strong>infame</strong></span> <span class='ocrx_word' id='word_1_45' title='bbox 899 1279 1366 1362; x_wconf 85' lang='lat' dir='ltr'><strong>damnatusque</strong></span> <span class='ocrx_word' id='word_1_46' title='bbox 1410 1278 1585 1360; x_wconf 89' lang='lat' dir='ltr'><strong>longi</strong></span> 
     </span>
     <span class='ocr_line' id='line_1_13' title="bbox 702 1363 1659 1448; baseline -0.002 -18"><span class='ocrx_word' id='word_1_47' title='bbox 702 1363 1010 1448; x_wconf 78' lang='lat' dir='ltr'><strong>Sisyphus</strong></span> <span class='ocrx_word' id='word_1_48' title='bbox 1051 1363 1354 1430; x_wconf 85' lang='lat' dir='ltr'><strong>Aeolides</strong></span> <span class='ocrx_word' id='word_1_49' title='bbox 1398 1363 1659 1428; x_wconf 89' lang='lat' dir='ltr'><strong>laboris</strong></span> 
     </span>
    </p>
   </div>
   <div class='ocr_carea' id='block_1_6' title="bbox 529 1484 2028 1824">
    <p class='ocr_par' dir='ltr' id='par_1_6' title="bbox 529 1484 2028 1824">
     <span class='ocr_line' id='line_1_14' title="bbox 529 1484 1911 1567; baseline 0.001 -19"><span class='ocrx_word' id='word_1_50' title='bbox 529 1485 878 1567; x_wconf 89' lang='lat' dir='ltr'><strong>linquenda</strong></span> <span class='ocrx_word' id='word_1_51' title='bbox 919 1485 1112 1549; x_wconf 89' lang='lat' dir='ltr'><strong>tellus</strong></span> <span class='ocrx_word' id='word_1_52' title='bbox 1157 1489 1229 1548; x_wconf 88' lang='lat' dir='ltr'><strong>et</strong></span> <span class='ocrx_word' id='word_1_53' title='bbox 1267 1485 1496 1549; x_wconf 89' lang='lat' dir='ltr'><strong>domus</strong></span> <span class='ocrx_word' id='word_1_54' title='bbox 1542 1488 1608 1549; x_wconf 88' lang='lat' dir='ltr'><strong>et</strong></span> <span class='ocrx_word' id='word_1_55' title='bbox 1650 1484 1911 1566; x_wconf 87' lang='lat' dir='ltr'><strong>placens</strong></span> 
     </span>
     <span class='ocr_line' id='line_1_15' title="bbox 529 1570 2028 1654; baseline -0.001 -20"><span class='ocrx_word' id='word_1_56' title='bbox 529 1591 706 1650; x_wconf 81' lang='lat' dir='ltr'><strong>uxor,</strong></span> <span class='ocrx_word' id='word_1_57' title='bbox 750 1591 959 1654; x_wconf 90' lang='lat' dir='ltr'><strong>neque</strong></span> <span class='ocrx_word' id='word_1_58' title='bbox 1001 1571 1250 1650; x_wconf 87' lang='lat' dir='ltr'><strong>harum,</strong></span> <span class='ocrx_word' id='word_1_59' title='bbox 1297 1591 1458 1652; x_wconf 88' lang='lat' dir='ltr'><strong>quas</strong></span> <span class='ocrx_word' id='word_1_60' title='bbox 1504 1570 1679 1650; x_wconf 88' lang='lat' dir='ltr'><strong>colis,</strong></span> <span class='ocrx_word' id='word_1_61' title='bbox 1723 1570 2028 1635; x_wconf 87' lang='lat' dir='ltr'><strong>arborum</strong></span> 
     </span>
     <span class='ocr_line' id='line_1_16' title="bbox 614 1657 1647 1739; baseline 0 -19"><span class='ocrx_word' id='word_1_62' title='bbox 614 1663 682 1722; x_wconf 89' lang='lat' dir='ltr'><strong>te</strong></span> <span class='ocrx_word' id='word_1_63' title='bbox 723 1661 986 1739; x_wconf 84' lang='lat' dir='ltr'><strong>praeter</strong></span> <span class='ocrx_word' id='word_1_64' title='bbox 1026 1657 1264 1721; x_wconf 88' lang='lat' dir='ltr'><strong>invisas</strong></span> <span class='ocrx_word' id='word_1_65' title='bbox 1310 1675 1647 1738; x_wconf 86' lang='lat' dir='ltr'><strong>cupressos</strong></span> 
     </span>
     <span class='ocr_line' id='line_1_17' title="bbox 699 1742 1871 1824; baseline 0 -18"><span class='ocrx_word' id='word_1_66' title='bbox 699 1742 835 1807; x_wconf 84' lang='lat' dir='ltr'><strong>ulla</strong></span> <span class='ocrx_word' id='word_1_67' title='bbox 877 1742 1137 1808; x_wconf 89' lang='lat' dir='ltr'><strong>brevem</strong></span> <span class='ocrx_word' id='word_1_68' title='bbox 1181 1742 1509 1806; x_wconf 86' lang='lat' dir='ltr'><strong>dominum</strong></span> <span class='ocrx_word' id='word_1_69' title='bbox 1554 1744 1871 1824; x_wconf 87' lang='lat' dir='ltr'><strong>sequetur.</strong></span> 
     </span>
    </p>
   </div>
   <div class='ocr_carea' id='block_1_7' title="bbox 531 1861 1751 2205">
    <p class='ocr_par' dir='ltr' id='par_1_7' title="bbox 531 1861 1751 2205">
     <span class='ocr_line' id='line_1_18' title="bbox 531 1861 1694 1944; baseline -0.002 -16"><span class='ocrx_word' id='word_1_70' title='bbox 531 1863 826 1930; x_wconf 80' lang='lat' dir='ltr'><strong>absumet</strong></span> <span class='ocrx_word' id='word_1_71' title='bbox 865 1862 1055 1928; x_wconf 89' lang='lat' dir='ltr'><strong>heres</strong></span> <span class='ocrx_word' id='word_1_72' title='bbox 1100 1861 1399 1928; x_wconf 85' lang='lat' dir='ltr'><strong>Caecuba</strong></span> <span class='ocrx_word' id='word_1_73' title='bbox 1442 1862 1694 1944; x_wconf 86' lang='lat' dir='ltr'><strong>dignior</strong></span> 
     </span>
     <span class='ocr_line' id='line_1_19' title="bbox 533 1948 1751 2015; baseline -0.002 0"><span class='ocrx_word' id='word_1_74' title='bbox 533 1955 788 2015; x_wconf 74' lang='lat' dir='ltr'><strong>servata</strong></span> <span class='ocrx_word' id='word_1_75' title='bbox 832 1954 1089 2014; x_wconf 89' lang='lat' dir='ltr'><strong>centum</strong></span> <span class='ocrx_word' id='word_1_76' title='bbox 1133 1948 1419 2013; x_wconf 84' lang='lat' dir='ltr'><strong>clavibus</strong></span> <span class='ocrx_word' id='word_1_77' title='bbox 1464 1954 1530 2012; x_wconf 87' lang='lat' dir='ltr'><strong>et</strong></span> <span class='ocrx_word' id='word_1_78' title='bbox 1573 1967 1751 2012; x_wconf 90' lang='lat' dir='ltr'><strong>mero</strong></span> 
     </span>
     <span class='ocr_line' id='line_1_20' title="bbox 617 2033 1689 2118; baseline -0.001 -19"><span class='ocrx_word' id='word_1_79' title='bbox 617 2036 868 2117; x_wconf 87' lang='lat' dir='ltr'><strong>tinguet</strong></span> <span class='ocrx_word' id='word_1_80' title='bbox 909 2035 1346 2116; x_wconf 86' lang='lat' dir='ltr'><strong>pavimentum</strong></span> <span class='ocrx_word' id='word_1_81' title='bbox 1389 2033 1689 2118; x_wconf 87' lang='lat' dir='ltr'><strong>superbo,</strong></span> 
     </span>
     <span class='ocr_line' id='line_1_21' title="bbox 704 2119 1609 2205; baseline -0.001 -19"><span class='ocrx_word' id='word_1_82' title='bbox 704 2119 1076 2205; x_wconf 88' lang='lat' dir='ltr'><strong>pontificum</strong></span> <span class='ocrx_word' id='word_1_83' title='bbox 1119 2120 1372 2203; x_wconf 88' lang='lat' dir='ltr'><strong>potiore</strong></span> <span class='ocrx_word' id='word_1_84' title='bbox 1417 2120 1609 2186; x_wconf 88' lang='lat' dir='ltr'><strong>cenis.</strong></span> 
     </span>
    </p>
   </div>
   <div class='ocr_carea' id='block_1_8' title="bbox 1178 2259 1347 2333">
    <p class='ocr_par' dir='ltr' id='par_1_8' title="bbox 1178 2259 1347 2333">
     <span class='ocr_line' id='line_1_22' title="bbox 1178 2259 1347 2333; baseline -0.018 0"><span class='ocrx_word' id='word_1_85' title='bbox 1178 2259 1347 2333; x_wconf 90' lang='lat' dir='ltr'><strong>XV.</strong></span> 
     </span>
    </p>
   </div>
   <div class='ocr_carea' id='block_1_9' title="bbox 537 2376 1894 2717">
    <p class='ocr_par' dir='ltr' id='par_1_9' title="bbox 537 2376 1894 2717">
     <span class='ocr_line' id='line_1_23' title="bbox 537 2376 1707 2460; baseline 0 -19"><span class='ocrx_word' id='word_1_86' title='bbox 537 2376 674 2443; x_wconf 87' lang='lat' dir='ltr'><strong>Iam</strong></span> <span class='ocrx_word' id='word_1_87' title='bbox 715 2398 926 2460; x_wconf 75' lang='lat' dir='ltr'><strong>pauca</strong></span> <span class='ocrx_word' id='word_1_88' title='bbox 968 2383 1184 2443; x_wconf 76' lang='lat' dir='ltr'><strong>aratro</strong></span> <span class='ocrx_word' id='word_1_89' title='bbox 1229 2378 1453 2460; x_wconf 83' lang='lat' dir='ltr'><strong>iugera</strong></span> <span class='ocrx_word' id='word_1_90' title='bbox 1492 2377 1707 2459; x_wconf 85' lang='lat' dir='ltr'><strong>regiae</strong></span> 
     </span>
     <span class='ocr_line' id='line_1_24' title="bbox 539 2462 1771 2546; baseline 0 -19"><span class='ocrx_word' id='word_1_91' title='bbox 539 2462 742 2529; x_wconf 90' lang='lat' dir='ltr'><strong>moles</strong></span> <span class='ocrx_word' id='word_1_92' title='bbox 784 2464 1164 2545; x_wconf 78' lang='lat' dir='ltr'><strong>relinquent,</strong></span> <span class='ocrx_word' id='word_1_93' title='bbox 1209 2464 1493 2546; x_wconf 89' lang='lat' dir='ltr'><strong>undique</strong></span> <span class='ocrx_word' id='word_1_94' title='bbox 1535 2463 1771 2527; x_wconf 81' lang='lat' dir='ltr'><strong>latius</strong></span> 
     </span>
     <span class='ocr_line' id='line_1_25' title="bbox 626 2547 1531 2624; baseline -0.002 -9"><span class='ocrx_word' id='word_1_95' title='bbox 626 2554 888 2615; x_wconf 81' lang='lat' dir='ltr'><strong>extenta</strong></span> <span class='ocrx_word' id='word_1_96' title='bbox 929 2550 1214 2624; x_wconf 74' lang='lat' dir='ltr'><strong>visentur</strong></span> <span class='ocrx_word' id='word_1_97' title='bbox 1255 2547 1531 2613; x_wconf 86' lang='lat' dir='ltr'><strong>Lucrino</strong></span> 
     </span>
     <span class='ocr_line' id='line_1_26' title="bbox 711 2630 1894 2717; baseline -0.002 -18"><span class='ocrx_word' id='word_1_98' title='bbox 711 2642 940 2717; x_wconf 86' lang='lat' dir='ltr'><strong>stagna</strong></span> <span class='ocrx_word' id='word_1_99' title='bbox 983 2634 1130 2699; x_wconf 90' lang='lat' dir='ltr'><strong>lacu</strong></span> <span class='ocrx_word' id='word_1_100' title='bbox 1170 2633 1597 2717; x_wconf 82' lang='lat' dir='ltr'><strong>platanusque</strong></span> <span class='ocrx_word' id='word_1_101' title='bbox 1640 2630 1894 2697; x_wconf 82' lang='lat' dir='ltr'><strong>caelebs</strong></span> 
     </span>
    </p>
   </div>
   <div class='ocr_carea' id='block_1_10' title="bbox 540 2754 1674 3093">
    <p class='ocr_par' dir='ltr' id='par_1_10' title="bbox 540 2754 1674 3093">
     <span class='ocr_line' id='line_1_27' title="bbox 542 2754 1674 2821; baseline -0.002 -2"><span class='ocrx_word' id='word_1_102' title='bbox 542 2755 790 2821; x_wconf 81' lang='lat' dir='ltr'><strong>evincet</strong></span> <span class='ocrx_word' id='word_1_103' title='bbox 830 2754 1069 2820; x_wconf 86' lang='lat' dir='ltr'><strong>ulmos:</strong></span> <span class='ocrx_word' id='word_1_104' title='bbox 1113 2762 1253 2819; x_wconf 87' lang='lat' dir='ltr'><strong>tum</strong></span> <span class='ocrx_word' id='word_1_105' title='bbox 1295 2754 1564 2819; x_wconf 84' lang='lat' dir='ltr'><strong>violaria</strong></span> <span class='ocrx_word' id='word_1_106' title='bbox 1608 2758 1674 2817; x_wconf 91' lang='lat' dir='ltr'><strong>et</strong></span> 
     </span>
     <span class='ocr_line' id='line_1_28' title="bbox 540 2840 1665 2925; baseline -0.003 -19"><span class='ocrx_word' id='word_1_107' title='bbox 540 2848 782 2925; x_wconf 80' lang='lat' dir='ltr'><strong>myrtus</strong></span> <span class='ocrx_word' id='word_1_108' title='bbox 827 2848 892 2905; x_wconf 88' lang='lat' dir='ltr'><strong>et</strong></span> <span class='ocrx_word' id='word_1_109' title='bbox 935 2842 1140 2905; x_wconf 90' lang='lat' dir='ltr'><strong>omnis</strong></span> <span class='ocrx_word' id='word_1_110' title='bbox 1186 2842 1372 2922; x_wconf 87' lang='lat' dir='ltr'><strong>copia</strong></span> <span class='ocrx_word' id='word_1_111' title='bbox 1407 2840 1665 2905; x_wconf 79' lang='lat' dir='ltr'><strong>narium</strong></span> 
     </span>
     <span class='ocr_line' id='line_1_29' title="bbox 627 2926 1532 3009; baseline -0.003 -17"><span class='ocrx_word' id='word_1_112' title='bbox 627 2933 930 3009; x_wconf 82' lang='lat' dir='ltr'><strong>spargent</strong></span> <span class='ocrx_word' id='word_1_113' title='bbox 973 2926 1222 2991; x_wconf 86' lang='lat' dir='ltr'><strong>olivetis</strong></span> <span class='ocrx_word' id='word_1_114' title='bbox 1267 2927 1532 2991; x_wconf 89' lang='lat' dir='ltr'><strong>odorem</strong></span> 
     </span>
     <span class='ocr_line' id='line_1_30' title="bbox 711 3011 1593 3093; baseline -0.002 -17"><span class='ocrx_word' id='word_1_115' title='bbox 711 3011 1029 3077; x_wconf 83' lang='lat' dir='ltr'><strong>fertilibus</strong></span> <span class='ocrx_word' id='word_1_116' title='bbox 1073 3013 1330 3077; x_wconf 89' lang='lat' dir='ltr'><strong>domino</strong></span> <span class='ocrx_word' id='word_1_117' title='bbox 1374 3012 1593 3093; x_wconf 88' lang='lat' dir='ltr'><strong>priori,</strong></span> 
     </span>
    </p>
   </div>
   <div class='ocr_carea' id='block_1_11' title="bbox 541 3130 1857 3471">
    <p class='ocr_par' dir='ltr' id='par_1_11' title="bbox 541 3130 1857 3471">
     <span class='ocr_line' id='line_1_31' title="bbox 541 3130 1783 3213; baseline -0.001 -19"><span class='ocrx_word' id='word_1_118' title='bbox 541 3138 678 3195; x_wconf 88' lang='lat' dir='ltr'><strong>tum</strong></span> <span class='ocrx_word' id='word_1_119' title='bbox 719 3132 929 3213; x_wconf 84' lang='lat' dir='ltr'><strong>spissa</strong></span> <span class='ocrx_word' id='word_1_120' title='bbox 969 3132 1166 3197; x_wconf 87' lang='lat' dir='ltr'><strong>ramis</strong></span> <span class='ocrx_word' id='word_1_121' title='bbox 1209 3130 1433 3195; x_wconf 79' lang='lat' dir='ltr'><strong>laurea</strong></span> <span class='ocrx_word' id='word_1_122' title='bbox 1474 3130 1783 3195; x_wconf 82' lang='lat' dir='ltr'><strong>fervidos·</strong></span> 
     </span>
     <span class='ocr_line' id='line_1_32' title="bbox 543 3216 1671 3282; baseline -0.003 -1"><span class='ocrx_word' id='word_1_123' title='bbox 543 3216 837 3281; x_wconf 84' lang='lat' dir='ltr'><strong>excludet</strong></span> <span class='ocrx_word' id='word_1_124' title='bbox 877 3218 1062 3282; x_wconf 65' lang='lat' dir='ltr'><strong>ictus</strong></span> <span class='ocrx_word' id='word_1_125' title='bbox 1106 3236 1236 3281; x_wconf 90' lang='lat' dir='ltr'><strong>non</strong></span> <span class='ocrx_word' id='word_1_126' title='bbox 1277 3217 1373 3280; x_wconf 85' lang='lat' dir='ltr'><strong>ita</strong></span> <span class='ocrx_word' id='word_1_127' title='bbox 1416 3216 1671 3280; x_wconf 82' lang='lat' dir='ltr'><strong>Romuli</strong></span> 
     </span>
     <span class='ocr_line' id='line_1_33' title="bbox 625 3299 1857 3385; baseline -0.003 -18"><span class='ocrx_word' id='word_1_128' title='bbox 625 3303 1094 3385; x_wconf 84' lang='lat' dir='ltr'><strong>praescriptum</strong></span> <span class='ocrx_word' id='word_1_129' title='bbox 1137 3308 1204 3367; x_wconf 79' lang='lat' dir='ltr'><strong>et</strong></span> <span class='ocrx_word' id='word_1_130' title='bbox 1244 3302 1498 3366; x_wconf 76' lang='lat' dir='ltr'><strong>intonsi:</strong></span> <span class='ocrx_word' id='word_1_131' title='bbox 1532 3299 1792 3365; x_wconf 87' lang='lat' dir='ltr'><strong>Catonis</strong></span> <span class='ocrx_word' id='word_1_132' title='bbox 1852 3374 1857 3379; x_wconf 36' lang='grc'><strong><em>,</em></strong></span> 
     </span>
     <span class='ocr_line' id='line_1_34' title="bbox 711 3388 1755 3471; baseline -0.004 -18"><span class='ocrx_word' id='word_1_133' title='bbox 711 3388 1013 3471; x_wconf 87' lang='lat' dir='ltr'><strong>auspiciis</strong></span> <span class='ocrx_word' id='word_1_134' title='bbox 1056 3393 1469 3469; x_wconf 85' lang='lat' dir='ltr'><strong>veterumque</strong></span> <span class='ocrx_word' id='word_1_135' title='bbox 1510 3407 1755 3451; x_wconf 86' lang='lat' dir='ltr'><strong>norma.</strong></span> 
     </span>
    </p>
   </div>
   <div class='ocr_carea' id='block_1_12' title="bbox 544 3506 1999 3847">
    <p class='ocr_par' dir='ltr' id='par_1_12' title="bbox 544 3506 1999 3847">
     <span class='ocr_line' id='line_1_35' title="bbox 544 3506 1733 3585; baseline 0.002 -18"><span class='ocrx_word' id='word_1_136' title='bbox 544 3506 828 3585; x_wconf 81' lang='lat' dir='ltr'><strong>privatus</strong></span> <span class='ocrx_word' id='word_1_137' title='bbox 868 3506 998 3572; x_wconf 90' lang='lat' dir='ltr'><strong>illis</strong></span> <span class='ocrx_word' id='word_1_138' title='bbox 1045 3527 1270 3571; x_wconf 86' lang='lat' dir='ltr'><strong>census</strong></span> <span class='ocrx_word' id='word_1_139' title='bbox 1317 3511 1459 3570; x_wconf 85' lang='lat' dir='ltr'><strong>erat</strong></span> <span class='ocrx_word' id='word_1_140' title='bbox 1500 3506 1733 3583; x_wconf 74' lang='lat' dir='ltr'><strong>breviS,</strong></span> 
     </span>
     <span class='ocr_line' id='line_1_36' title="bbox 547 3587 1999 3674; baseline -0.002 -21"><span class='ocrx_word' id='word_1_141' title='bbox 547 3610 876 3657; x_wconf 86' lang='lat' dir='ltr'><strong>commune</strong></span> <span class='ocrx_word' id='word_1_142' title='bbox 916 3612 1250 3674; x_wconf 86' lang='lat' dir='ltr'><strong>magnum:</strong></span> <span class='ocrx_word' id='word_1_143' title='bbox 1295 3591 1473 3655; x_wconf 89' lang='lat' dir='ltr'><strong>nulla</strong></span> <span class='ocrx_word' id='word_1_144' title='bbox 1518 3587 1929 3671; x_wconf 85' lang='lat' dir='ltr'><strong>decempedis</strong></span> <span class='ocrx_word' id='word_1_145' title='bbox 1995 3588 1999 3593; x_wconf 82' lang='grc'><strong><em>’</em></strong></span> 
     </span>
     <span class='ocr_line' id='line_1_37' title="bbox 629 3677 1495 3761; baseline -0.002 -20"><span class='ocrx_word' id='word_1_146' title='bbox 629 3684 873 3743; x_wconf 84' lang='lat' dir='ltr'><strong>metata</strong></span> <span class='ocrx_word' id='word_1_147' title='bbox 914 3677 1180 3761; x_wconf 89' lang='lat' dir='ltr'><strong>privatis</strong></span> <span class='ocrx_word' id='word_1_148' title='bbox 1225 3697 1495 3758; x_wconf 86' lang='lat' dir='ltr'><strong>opacam</strong></span> 
     </span>
     <span class='ocr_line' id='line_1_38' title="bbox 713 3762 1707 3847; baseline -0.004 -20"><span class='ocrx_word' id='word_1_149' title='bbox 713 3764 998 3847; x_wconf 89' lang='lat' dir='ltr'><strong>porticus</strong></span> <span class='ocrx_word' id='word_1_150' title='bbox 1044 3762 1405 3843; x_wconf 84' lang='lat' dir='ltr'><strong>excipiebat</strong></span> <span class='ocrx_word' id='word_1_151' title='bbox 1446 3762 1707 3837; x_wconf 86' lang='lat' dir='ltr'><strong>Arcton,</strong></span> 
     </span>
    </p>
   </div>
   <div class='ocr_carea' id='block_1_13' title="bbox 2306 217 2393 280">
    <p class='ocr_par' dir='ltr' id='par_1_13' title="bbox 2306 217 2393 280">
     <span class='ocr_line' id='line_1_39' title="bbox 2306 217 2393 280; baseline 0.011 -1"><span class='ocrx_word' id='word_1_152' title='bbox 2306 217 2393 280; x_wconf 79' lang='lat'><strong>39</strong></span> 
     </span>
    </p>
   </div>
   <div class='ocr_carea' id='block_1_14' title="bbox 2406 442 2498 498">
    <p class='ocr_par' dir='ltr' id='par_1_14' title="bbox 2406 442 2498 498">
     <span class='ocr_line' id='line_1_40' title="bbox 2406 442 2498 498; baseline 0 0"><span class='ocrx_word' id='word_1_153' title='bbox 2406 442 2498 498; x_wconf 89' lang='lat'><strong>-10</strong></span> 
     </span>
    </p>
   </div>
   <div class='ocr_carea' id='block_1_15' title="bbox 2414 908 2499 963">
    <p class='ocr_par' dir='ltr' id='par_1_15' title="bbox 2414 908 2499 963">
     <span class='ocr_line' id='line_1_41' title="bbox 2414 908 2499 963; baseline 0 0"><span class='ocrx_word' id='word_1_154' title='bbox 2414 908 2499 963; x_wconf 86' lang='lat'><strong>15</strong></span> 
     </span>
    </p>
   </div>
   <div class='ocr_carea' id='block_1_16' title="bbox 2418 1367 2501 1424">
    <p class='ocr_par' dir='ltr' id='par_1_16' title="bbox 2418 1367 2501 1424">
     <span class='ocr_line' id='line_1_42' title="bbox 2418 1367 2501 1424; baseline 0.024 -2"><span class='ocrx_word' id='word_1_155' title='bbox 2418 1367 2501 1424; x_wconf 83' lang='lat'><strong>20</strong></span> 
     </span>
    </p>
   </div>
   <div class='ocr_carea' id='block_1_17' title="bbox 2421 1864 2503 1918">
    <p class='ocr_par' dir='ltr' id='par_1_17' title="bbox 2421 1864 2503 1918">
     <span class='ocr_line' id='line_1_43' title="bbox 2421 1864 2503 1918; baseline 0 0"><span class='ocrx_word' id='word_1_156' title='bbox 2421 1864 2503 1918; x_wconf 82' lang='lat'><strong>25</strong></span> 
     </span>
    </p>
   </div>
   <div class='ocr_carea' id='block_1_18' title="bbox 2430 3217 2509 3271">
    <p class='ocr_par' dir='ltr' id='par_1_18' title="bbox 2430 3217 2509 3271">
     <span class='ocr_line' id='line_1_44' title="bbox 2430 3217 2509 3271; baseline 0.025 -2"><span class='ocrx_word' id='word_1_157' title='bbox 2430 3217 2509 3271; x_wconf 90' lang='grc'><strong>10</strong></span> 
     </span>
    </p>
   </div>
   <div class='ocr_carea' id='block_1_19' title="bbox 2430 3672 2509 3727">
    <p class='ocr_par' dir='ltr' id='par_1_19' title="bbox 2430 3672 2509 3727">
     <span class='ocr_line' id='line_1_45' title="bbox 2430 3672 2509 3727; baseline 0 0"><span class='ocrx_word' id='word_1_158' title='bbox 2430 3672 2509 3727; x_wconf 84' lang='grc'><strong>15</strong></span> 
     </span>
    </p>
   </div>
  </div>
 </body>
</html>
