2784 4319
269 619 349 677 15

265 1925 345 1980 10

261 2388 340 2441 15

258 2848 339 2903 20

1160 307 1436 358 HORATI
1473 305 1745 358 CARMiN
1753 305 1854 356 ΗΜ

887 447 1273 528 intemptata
1314 447 1513 509 nites:
1560 465 1662 508 me
1705 442 1929 507 tabula
1973 461 2158 507 sacer

887 532 1101 596 votiva
1142 532 1357 614 paries
1401 530 1646 594 indicat
1687 528 1880 593 uvida

974 615 1379 698 suspendisse
1424 615 1674 698 potenti

1058 702 1440 766 vestimenta
1481 701 1677 764 maris
1723 699 1864 763 deo.

1369 923 1636 998 ‘VL-

677 1077 989 1144 Scriberis
1032 1077 1227 1142 Vario
1272 1078 1458 1142 fortis
1503 1083 1570 1142 et
1611 1077 1894 1142 hostium

673 1165 880 1228 victor
921 1163 1201 1229 Maeonii
1244 1163 1545 1227 carminis
1591 1163 1761 1243 alite,

674 1271 869 1332 quam
909 1271 1048 1314 rem
1092 1268 1361 1332 cumque
1403 1247 1587 1313 ferox
1627 1249 1894 1314 navibus
1938 1253 2052 1314 aut
2094 1247 2275 1330 equis

845 1335 1030 1400 miles
1072 1340 1139 1398 te
1184 1335 1346 1400 duce
1390 1335 1677 1417 gesserit.
1736 1365 1741 1371 ·

672 1476 810 1535 nOS,
840 1456 1143 1538 Agrippa,
1181 1475 1387 1536 neque
1430 1453 1594 1519 haec
1638 1455 1868 1534 dicere,
1913 1477 2032 1520 nec
2069 1474 2328 1538 gravem

673 1541 934 1607 Pelidae
979 1540 1378 1605 stomachum
1423 1540 1650 1604 cedere
1695 1541 1913 1618 nescii,

674 1647 793 1691 nec
838 1647 1058 1692 cursus
1104 1626 1374 1708 duplicis
1418 1646 1536 1708 per
1577 1646 1754 1688 mare
1798 1625 2030 1706 Ulixei,

845 1732 966 1776 nec
1008 1732 1265 1776 saevam
1307 1710 1564 1793 Pelopis
1607 1711 1867 1775 domum

672 1852 997 1912 conamur,
1041 1837 1267 1897 tenues
1311 1832 1598 1914 grandia,
1646 1831 1797 1895 dum
1840 1831 2051 1913 pudor

626 1943 638 1955 ·
672 1917 1051 2000 inbellisque
1094 1919 1270 2001 lyrae
1312 1916 1499 1981 Musa
1541 1923 1770 1998 potens
1814 1922 1989 1982 vetat

672 2002 897 2070 laudes
940 2003 1179 2086 egregii
1224 2001 1515 2068 Caesaris
1563 2009 1628 2066 et
1669 2009 1814 2067 tuas

846 2089 1037 2172 culpa
1080 2089 1370 2154 deterere
1413 2089 1647 2171 ingeni.

672 2212 815 2291 quis
856 2209 1131 2275 Martem
1174 2209 1396 2273 tunica
1435 2214 1680 2275 tectum
1723 2211 2138 2275 adamantina

672 2297 861 2394 digne
907 2297 1235 2377 scripserit
1276 2300 1391 2360 aut
1432 2295 1692 2377 pulvere
1738 2295 1964 2360 Troico

670 2382 923 2463 nigrum
964 2380 1295 2445 Merionen
1340 2386 1455 2445 aut
1497 2402 1619 2464 ope
1663 2382 1943 2446 Palladis

844 2464 1135 2550 Tydiden
1176 2467 1422 2549 superis
1466 2488 1690 2549 parem
1703 2469 1733 2531 ?

668 2604 788 2649 nos
833 2584 1137 2666 convivia,
1180 2604 1300 2651 nos
1342 2586 1591 2668 proelia
1633 2587 1946 2669 virginum

673 2670 865 2735 sectis
906 2671 978 2735 in
1016 2671 1275 2736 iuvenes
1317 2673 1635 2755 unguibus
1679 2674 1924 2737 acrium

671 2761 1023 2835 cantamuS,
1066 2757 1269 2836 vacui,
1316 2757 1446 2821 sive
1492 2758 1646 2840 quid
1689 2758 1950 2838 urimur,

838 2862 970 2906 non
1010 2848 1271 2925 praeter
1312 2841 1571 2908 solitum
1614 2842 1803 2907 leves.

1408 3049 1577 3121 VII.

512 3217 898 3284 Laudabunt
941 3220 1052 3283 alii
1097 3220 1337 3285 claram
1378 3218 1653 3283 Rhodon
1697 3224 1810 3284 aut
1853 3218 2216 3303 Mytilenen,

687 3312 803 3369 aut
843 3305 1145 3388 Epheson
1188 3306 1530 3370 bimarisve
1577 3304 1866 3369 Corinthi

513 3391 789 3471 moenia,
832 3390 935 3455 vel
977 3390 1232 3455 Baccho
1278 3389 1531 3455 Thebas
1575 3390 1677 3454 vel
1719 3390 2013 3473 Apolline
2059 3391 2344 3473 Delphos

688 3476 989 3557 insigneS,
1037 3483 1151 3541 aut
1194 3474 1504 3541 Thessala
1545 3475 1816 3559 Tempe3

514 3600 665 3659 sunt
705 3596 937 3677 quibus
978 3617 1175 3660 unum
1218 3617 1379 3680 opus
1396 3598 1408 3613 “
1425 3601 1524 3661 est
1567 3597 1847 3662 intactae
1891 3596 2174 3661 Palladis
2219 3596 2448 3662 urbem

687 3682 969 3745 carmine
1010 3688 1323 3765 perpetuo
1370 3683 1696 3747 celebrare
1741 3689 1806 3746 et

512 3765 794 3849 undique
839 3766 1211 3850 decerptam
1254 3767 1452 3833 fronti
1492 3788 1889 3850 praeponere
1934 3767 2200 3849 olivam3

683 3852 995 3935 plurimus
1036 3854 1106 3917 in
1147 3852 1406 3919 Iunonis
1450 3853 1759 3917 honorem
