<?xml version="1.0" encoding="UTF-8"?>
<!DOCTYPE html PUBLIC "-//W3C//DTD XHTML 1.0 Transitional//EN"
    "http://www.w3.org/TR/xhtml1/DTD/xhtml1-transitional.dtd">
<html xmlns="http://www.w3.org/1999/xhtml" xml:lang="en" lang="en">
 <head>
  <title>
</title>
<meta http-equiv="Content-Type" content="text/html;charset=utf-8" />
  <meta name='ocr-system' content='tesseract 3.04.00' />
  <meta name='ocr-capabilities' content='ocr_page ocr_carea ocr_par ocr_line ocrx_word'/>
</head>
<body>
  <div class='ocr_page' id='page_1' title='image "./qhoratiiflaccic00petsgoog_0137.png"; bbox 0 0 2784 4319; ppageno 0'>
   <div class='ocr_carea' id='block_1_1' title="bbox 1080 244 1282 447">
    <p class='ocr_par' dir='ltr' id='par_1_1' title="bbox 1080 244 1282 447">
     <span class='ocr_line' id='line_1_1' title="bbox 1080 244 1282 297; baseline 0 -14"><span class='ocrx_word' id='word_1_1' title='bbox 1080 244 1282 297; x_wconf 41' lang='lat' dir='ltr'>1xss-x11</span> 
     </span>
     <span class='ocr_line' id='line_1_2' title="bbox 1111 374 1252 447; baseline 0 0"><span class='ocrx_word' id='word_1_2' title='bbox 1111 374 1252 447; x_wconf 81' lang='lat' dir='ltr'>XI.</span> 
     </span>
    </p>
   </div>
   <div class='ocr_carea' id='block_1_2' title="bbox 246 540 2096 2940">
    <p class='ocr_par' dir='ltr' id='par_1_2' title="bbox 257 540 1472 621">
     <span class='ocr_line' id='line_1_3' title="bbox 257 540 1472 621; baseline 0 -16"><span class='ocrx_word' id='word_1_3' title='bbox 257 540 442 621; x_wconf 88' lang='lat' dir='ltr'>Petti,</span> <span class='ocrx_word' id='word_1_4' title='bbox 483 542 640 605; x_wconf 85' lang='lat' dir='ltr'>nihil</span> <span class='ocrx_word' id='word_1_5' title='bbox 683 564 786 606; x_wconf 91' lang='lat' dir='ltr'>me</span> <span class='ocrx_word' id='word_1_6' title='bbox 837 544 1005 607; x_wconf 91' lang='lat' dir='ltr'>sicut</span> <span class='ocrx_word' id='word_1_7' title='bbox 1053 549 1251 606; x_wconf 90' lang='lat' dir='ltr'>antea</span> <span class='ocrx_word' id='word_1_8' title='bbox 1295 543 1472 606; x_wconf 92' lang='lat' dir='ltr'>iuvat</span> 
     </span>
    </p>

    <p class='ocr_par' dir='ltr' id='par_1_3' title="bbox 251 627 2015 797">
     <span class='ocr_line' id='line_1_4' title="bbox 426 627 2015 710; baseline -0.002 -18"><span class='ocrx_word' id='word_1_9' title='bbox 426 630 697 693; x_wconf 89' lang='lat' dir='ltr'>scribere</span> <span class='ocrx_word' id='word_1_10' title='bbox 744 628 1095 693; x_wconf 88' lang='lat' dir='ltr'>versiculos</span> <span class='ocrx_word' id='word_1_11' title='bbox 1141 649 1360 693; x_wconf 89' lang='lat' dir='ltr'>amore</span> <span class='ocrx_word' id='word_1_12' title='bbox 1407 648 1775 710; x_wconf 88' lang='lat' dir='ltr'>percussum</span> <span class='ocrx_word' id='word_1_13' title='bbox 1820 627 2015 708; x_wconf 84' lang='lat' dir='ltr'>gravi,</span> 
     </span>
     <span class='ocr_line' id='line_1_5' title="bbox 251 715 1655 797; baseline 0 -20"><span class='ocrx_word' id='word_1_14' title='bbox 251 734 488 792; x_wconf 85' lang='lat' dir='ltr'>amore,</span> <span class='ocrx_word' id='word_1_15' title='bbox 533 716 642 795; x_wconf 86' lang='lat' dir='ltr'>qui</span> <span class='ocrx_word' id='word_1_16' title='bbox 689 736 791 778; x_wconf 90' lang='lat' dir='ltr'>me</span> <span class='ocrx_word' id='word_1_17' title='bbox 835 720 1100 797; x_wconf 91' lang='lat' dir='ltr'>praeter</span> <span class='ocrx_word' id='word_1_18' title='bbox 1143 735 1364 779; x_wconf 90' lang='lat' dir='ltr'>omnes</span> <span class='ocrx_word' id='word_1_19' title='bbox 1414 715 1655 795; x_wconf 90' lang='lat' dir='ltr'>expetit</span> 
     </span>
    </p>

    <p class='ocr_par' dir='ltr' id='par_1_4' title="bbox 247 800 1886 967">
     <span class='ocr_line' id='line_1_6' title="bbox 424 800 1886 883; baseline -0.001 -20"><span class='ocrx_word' id='word_1_20' title='bbox 424 800 717 864; x_wconf 91' lang='lat' dir='ltr'>mollibus</span> <span class='ocrx_word' id='word_1_21' title='bbox 763 800 830 863; x_wconf 92' lang='lat' dir='ltr'>in</span> <span class='ocrx_word' id='word_1_22' title='bbox 875 802 1090 883; x_wconf 88' lang='lat' dir='ltr'>pueris</span> <span class='ocrx_word' id='word_1_23' title='bbox 1139 806 1253 865; x_wconf 91' lang='lat' dir='ltr'>aut</span> <span class='ocrx_word' id='word_1_24' title='bbox 1298 800 1365 862; x_wconf 94' lang='lat' dir='ltr'>in</span> <span class='ocrx_word' id='word_1_25' title='bbox 1410 800 1637 881; x_wconf 81' lang='lat' dir='ltr'>puellis</span> <span class='ocrx_word' id='word_1_26' title='bbox 1682 820 1886 862; x_wconf 87' lang='lat' dir='ltr'>urere.</span> 
     </span>
     <span class='ocr_line' id='line_1_7' title="bbox 247 883 1615 967; baseline 0.001 -20"><span class='ocrx_word' id='word_1_27' title='bbox 247 883 352 948; x_wconf 91' lang='lat' dir='ltr'>hic</span> <span class='ocrx_word' id='word_1_28' title='bbox 399 888 623 950; x_wconf 87' lang='lat' dir='ltr'>tertius</span> <span class='ocrx_word' id='word_1_29' title='bbox 670 886 1046 965; x_wconf 80' lang='lat' dir='ltr'>December,</span> <span class='ocrx_word' id='word_1_30' title='bbox 1097 908 1176 949; x_wconf 87' lang='lat' dir='ltr'>ex</span> <span class='ocrx_word' id='word_1_31' title='bbox 1222 906 1346 967; x_wconf 86' lang='lat' dir='ltr'>quo</span> <span class='ocrx_word' id='word_1_32' title='bbox 1397 886 1615 949; x_wconf 77' lang='lat' dir='ltr'>destiti</span> 
     </span>
    </p>

    <p class='ocr_par' dir='ltr' id='par_1_5' title="bbox 246 970 1879 1140">
     <span class='ocr_line' id='line_1_8' title="bbox 424 970 1846 1051; baseline 0 -18"><span class='ocrx_word' id='word_1_33' title='bbox 424 971 686 1036; x_wconf 89' lang='lat' dir='ltr'>Inachia</span> <span class='ocrx_word' id='word_1_34' title='bbox 729 971 962 1051; x_wconf 87' lang='lat' dir='ltr'>furere,</span> <span class='ocrx_word' id='word_1_35' title='bbox 1009 971 1182 1035; x_wconf 87' lang='lat' dir='ltr'>silvis</span> <span class='ocrx_word' id='word_1_36' title='bbox 1229 971 1539 1035; x_wconf 84' lang='lat' dir='ltr'>honorem</span> <span class='ocrx_word' id='word_1_37' title='bbox 1586 970 1846 1034; x_wconf 79' lang='lat' dir='ltr'>decutit.</span> 
     </span>
     <span class='ocr_line' id='line_1_9' title="bbox 246 1055 1879 1140; baseline 0.001 -22"><span class='ocrx_word' id='word_1_38' title='bbox 246 1056 375 1119; x_wconf 90' lang='lat' dir='ltr'>heu</span> <span class='ocrx_word' id='word_1_39' title='bbox 421 1079 539 1135; x_wconf 88' lang='lat' dir='ltr'>me,</span> <span class='ocrx_word' id='word_1_40' title='bbox 584 1079 705 1139; x_wconf 92' lang='lat' dir='ltr'>per</span> <span class='ocrx_word' id='word_1_41' title='bbox 747 1057 974 1122; x_wconf 89' lang='lat' dir='ltr'>urbem</span> <span class='ocrx_word' id='word_1_42' title='bbox 1021 1060 1198 1140; x_wconf 91' lang='lat' dir='ltr'>(nam</span> <span class='ocrx_word' id='word_1_43' title='bbox 1245 1057 1447 1139; x_wconf 87' lang='lat' dir='ltr'>pudet</span> <span class='ocrx_word' id='word_1_44' title='bbox 1491 1055 1654 1120; x_wconf 84' lang='lat' dir='ltr'>tanti</span> <span class='ocrx_word' id='word_1_45' title='bbox 1699 1056 1879 1137; x_wconf 88' lang='lat' dir='ltr'>mali)</span> 
     </span>
    </p>

    <p class='ocr_par' dir='ltr' id='par_1_6' title="bbox 247 1108 2042 1310">
     <span class='ocr_line' id='line_1_10' title="bbox 423 1108 2042 1224; baseline 0 -19"><span class='ocrx_word' id='word_1_46' title='bbox 423 1108 640 1208; x_wconf 62' lang='lat' dir='ltr'>fabula</span> <span class='ocrx_word' id='word_1_47' title='bbox 690 1148 933 1224; x_wconf 88' lang='lat' dir='ltr'>quanta</span> <span class='ocrx_word' id='word_1_48' title='bbox 975 1142 1100 1206; x_wconf 80' lang='lat' dir='ltr'>fui!</span> <span class='ocrx_word' id='word_1_49' title='bbox 1150 1144 1579 1207; x_wconf 88' lang='lat' dir='ltr'>conviviorum</span> <span class='ocrx_word' id='word_1_50' title='bbox 1625 1147 1690 1205; x_wconf 93' lang='lat' dir='ltr'>et</span> <span class='ocrx_word' id='word_1_51' title='bbox 1734 1142 2042 1223; x_wconf 88' lang='lat' dir='ltr'>paenitet,</span> 
     </span>
     <span class='ocr_line' id='line_1_11' title="bbox 247 1228 1666 1310; baseline 0.001 -21"><span class='ocrx_word' id='word_1_52' title='bbox 247 1228 313 1289; x_wconf 89' lang='lat' dir='ltr'>in</span> <span class='ocrx_word' id='word_1_53' title='bbox 363 1230 505 1309; x_wconf 88' lang='lat' dir='ltr'>quis</span> <span class='ocrx_word' id='word_1_54' title='bbox 551 1235 874 1293; x_wconf 90' lang='lat' dir='ltr'>amantem</span> <span class='ocrx_word' id='word_1_55' title='bbox 919 1229 1189 1310; x_wconf 86' lang='lat' dir='ltr'>languor</span> <span class='ocrx_word' id='word_1_56' title='bbox 1235 1236 1300 1293; x_wconf 91' lang='lat' dir='ltr'>et</span> <span class='ocrx_word' id='word_1_57' title='bbox 1345 1229 1666 1292; x_wconf 87' lang='lat' dir='ltr'>silentium</span> 
     </span>
    </p>

    <p class='ocr_par' dir='ltr' id='par_1_7' title="bbox 271 1315 1772 1464">
     <span class='ocr_line' id='line_1_12' title="bbox 423 1315 1772 1397; baseline 0 -20"><span class='ocrx_word' id='word_1_58' title='bbox 423 1316 634 1397; x_wconf 85' lang='lat' dir='ltr'>arguit</span> <span class='ocrx_word' id='word_1_59' title='bbox 678 1320 743 1377; x_wconf 91' lang='lat' dir='ltr'>et</span> <span class='ocrx_word' id='word_1_60' title='bbox 786 1315 990 1378; x_wconf 87' lang='lat' dir='ltr'>latere</span> <span class='ocrx_word' id='word_1_61' title='bbox 1034 1316 1274 1396; x_wconf 89' lang='lat' dir='ltr'>petitus</span> <span class='ocrx_word' id='word_1_62' title='bbox 1319 1316 1447 1378; x_wconf 91' lang='lat' dir='ltr'>imo</span> <span class='ocrx_word' id='word_1_63' title='bbox 1496 1315 1772 1395; x_wconf 83' lang='lat' dir='ltr'>spirituS.</span> 
     </span>
     <span class='ocr_line' id='line_1_13' title="bbox 271 1399 1653 1464; baseline 0.001 -3"><span class='ocrx_word' id='word_1_64' title='bbox 271 1405 580 1464; x_wconf 88' lang='lat' dir='ltr'>contrane</span> <span class='ocrx_word' id='word_1_65' title='bbox 624 1399 872 1463; x_wconf 89' lang='lat' dir='ltr'>lucrum</span> <span class='ocrx_word' id='word_1_66' title='bbox 915 1401 1008 1463; x_wconf 90' lang='lat' dir='ltr'>nil</span> <span class='ocrx_word' id='word_1_67' title='bbox 1051 1400 1262 1464; x_wconf 91' lang='lat' dir='ltr'>valere</span> <span class='ocrx_word' id='word_1_68' title='bbox 1311 1401 1653 1464; x_wconf 88' lang='lat' dir='ltr'>candidum</span> 
     </span>
    </p>

    <p class='ocr_par' dir='ltr' id='par_1_8' title="bbox 255 1480 2096 1636">
     <span class='ocr_line' id='line_1_14' title="bbox 421 1480 2096 1589; baseline -0.002 -40"><span class='ocrx_word' id='word_1_69' title='bbox 421 1487 721 1567; x_wconf 89' lang='lat' dir='ltr'>pauperis</span> <span class='ocrx_word' id='word_1_70' title='bbox 767 1480 1158 1567; x_wconf 69' lang='lat' dir='ltr'>ingenium?³</span> <span class='ocrx_word' id='word_1_71' title='bbox 1208 1486 1527 1567; x_wconf 87' lang='lat' dir='ltr'>querebar</span> <span class='ocrx_word' id='word_1_72' title='bbox 1572 1485 1913 1589; x_wconf 83' lang='lat' dir='ltr'>adplorans</span> <span class='ocrx_word' id='word_1_73' title='bbox 1959 1482 2096 1562; x_wconf 89' lang='lat' dir='ltr'>tibi,</span> 
     </span>
     <span class='ocr_line' id='line_1_15' title="bbox 255 1570 1469 1636; baseline 0.002 -4"><span class='ocrx_word' id='word_1_74' title='bbox 255 1570 447 1635; x_wconf 87' lang='lat' dir='ltr'>simul</span> <span class='ocrx_word' id='word_1_75' title='bbox 491 1572 757 1635; x_wconf 91' lang='lat' dir='ltr'>calentis</span> <span class='ocrx_word' id='word_1_76' title='bbox 802 1573 1264 1636; x_wconf 87' lang='lat' dir='ltr'>inverecundus</span> <span class='ocrx_word' id='word_1_77' title='bbox 1312 1572 1469 1635; x_wconf 92' lang='lat' dir='ltr'>deus</span> 
     </span>
    </p>

    <p class='ocr_par' dir='ltr' id='par_1_9' title="bbox 275 1656 1854 1825">
     <span class='ocr_line' id='line_1_16' title="bbox 375 1656 1854 1739; baseline 0 -20"><span class='ocrx_word' id='word_1_78' title='bbox 375 1656 767 1721; x_wconf 81' lang='lat' dir='ltr'>fervidiore</span> <span class='ocrx_word' id='word_1_79' title='bbox 813 1678 990 1721; x_wconf 91' lang='lat' dir='ltr'>mero</span> <span class='ocrx_word' id='word_1_80' title='bbox 1037 1679 1276 1722; x_wconf 88' lang='lat' dir='ltr'>arcana</span> <span class='ocrx_word' id='word_1_81' title='bbox 1317 1662 1651 1739; x_wconf 88' lang='lat' dir='ltr'>promorat</span> <span class='ocrx_word' id='word_1_82' title='bbox 1693 1656 1854 1725; x_wconf 86' lang='grc'><strong>1000.</strong></span> 
     </span>
     <span class='ocr_line' id='line_1_17' title="bbox 247 1733 1513 1827; baseline 0 -22"><span class='ocrx_word' id='word_1_83' title='bbox 247 1733 507 1827; x_wconf 78' lang='lat' dir='ltr'>‘quodsi</span> <span class='ocrx_word' id='word_1_84' title='bbox 551 1744 711 1807; x_wconf 92' lang='lat' dir='ltr'>meis</span> <span class='ocrx_word' id='word_1_85' title='bbox 757 1743 1077 1807; x_wconf 79' lang='lat' dir='ltr'>inaestuet</span> <span class='ocrx_word' id='word_1_86' title='bbox 1117 1743 1513 1825; x_wconf 81' lang='lat' dir='ltr'>praecordiis</span> 
     </span>
    </p>

    <p class='ocr_par' dir='ltr' id='par_1_10' title="bbox 246 1826 1990 1993">
     <span class='ocr_line' id='line_1_18' title="bbox 423 1826 1990 1911; baseline -0.001 -20"><span class='ocrx_word' id='word_1_87' title='bbox 423 1828 624 1894; x_wconf 90' lang='lat' dir='ltr'>libera</span> <span class='ocrx_word' id='word_1_88' title='bbox 667 1828 833 1907; x_wconf 92' lang='lat' dir='ltr'>bilis,</span> <span class='ocrx_word' id='word_1_89' title='bbox 879 1835 952 1897; x_wconf 90' lang='lat' dir='ltr'>ut</span> <span class='ocrx_word' id='word_1_90' title='bbox 993 1829 1154 1893; x_wconf 89' lang='lat' dir='ltr'>haec</span> <span class='ocrx_word' id='word_1_91' title='bbox 1198 1830 1453 1911; x_wconf 83' lang='lat' dir='ltr'>ingrata</span> <span class='ocrx_word' id='word_1_92' title='bbox 1495 1828 1700 1891; x_wconf 89' lang='lat' dir='ltr'>ventis</span> <span class='ocrx_word' id='word_1_93' title='bbox 1746 1826 1990 1890; x_wconf 86' lang='lat' dir='ltr'>dividat</span> 
     </span>
     <span class='ocr_line' id='line_1_19' title="bbox 246 1912 1579 1993; baseline 0.002 -19"><span class='ocrx_word' id='word_1_94' title='bbox 246 1912 551 1993; x_wconf 84' lang='lat' dir='ltr'>fomenta,</span> <span class='ocrx_word' id='word_1_95' title='bbox 597 1914 820 1978; x_wconf 89' lang='lat' dir='ltr'>volnus</span> <span class='ocrx_word' id='word_1_96' title='bbox 864 1914 955 1977; x_wconf 90' lang='lat' dir='ltr'>nil</span> <span class='ocrx_word' id='word_1_97' title='bbox 999 1914 1236 1979; x_wconf 89' lang='lat' dir='ltr'>malum</span> <span class='ocrx_word' id='word_1_98' title='bbox 1281 1915 1579 1993; x_wconf 82' lang='lat' dir='ltr'>levantia,</span> 
     </span>
    </p>

    <p class='ocr_par' dir='ltr' id='par_1_11' title="bbox 250 1990 2018 2169">
     <span class='ocr_line' id='line_1_20' title="bbox 426 1990 2018 2081; baseline -0.002 -17"><span class='ocrx_word' id='word_1_99' title='bbox 426 2001 675 2065; x_wconf 86' lang='lat' dir='ltr'>desinet</span> <span class='ocrx_word' id='word_1_100' title='bbox 719 2001 1048 2081; x_wconf 84' lang='lat' dir='ltr'>inparibus</span> <span class='ocrx_word' id='word_1_101' title='bbox 1096 2006 1343 2063; x_wconf 84' lang='lat' dir='ltr'>certare</span> <span class='ocrx_word' id='word_1_102' title='bbox 1391 2001 1722 2064; x_wconf 89' lang='lat' dir='ltr'>submotus</span> <span class='ocrx_word' id='word_1_103' title='bbox 1768 1990 2018 2081; x_wconf 84' lang='lat' dir='ltr'>pudor’.</span> 
     </span>
     <span class='ocr_line' id='line_1_21' title="bbox 250 2085 1714 2169; baseline 0.001 -23"><span class='ocrx_word' id='word_1_104' title='bbox 250 2085 363 2149; x_wconf 89' lang='lat' dir='ltr'>ubi</span> <span class='ocrx_word' id='word_1_105' title='bbox 405 2086 565 2150; x_wconf 90' lang='lat' dir='ltr'>haec</span> <span class='ocrx_word' id='word_1_106' title='bbox 611 2108 866 2149; x_wconf 88' lang='lat' dir='ltr'>severus</span> <span class='ocrx_word' id='word_1_107' title='bbox 914 2093 978 2149; x_wconf 85' lang='lat' dir='ltr'>te</span> <span class='ocrx_word' id='word_1_108' title='bbox 1023 2086 1239 2169; x_wconf 90' lang='lat' dir='ltr'>palam</span> <span class='ocrx_word' id='word_1_109' title='bbox 1283 2086 1714 2164; x_wconf 76' lang='lat' dir='ltr'>laudaveram,</span> 
     </span>
    </p>

    <p class='ocr_par' dir='ltr' id='par_1_12' title="bbox 253 2171 2033 2340">
     <span class='ocr_line' id='line_1_22' title="bbox 423 2171 2033 2252; baseline -0.001 -16"><span class='ocrx_word' id='word_1_110' title='bbox 423 2175 630 2238; x_wconf 91' lang='lat' dir='ltr'>iussus</span> <span class='ocrx_word' id='word_1_111' title='bbox 677 2172 854 2236; x_wconf 89' lang='lat' dir='ltr'>abire</span> <span class='ocrx_word' id='word_1_112' title='bbox 901 2172 1161 2236; x_wconf 90' lang='lat' dir='ltr'>domum</span> <span class='ocrx_word' id='word_1_113' title='bbox 1204 2172 1460 2237; x_wconf 89' lang='lat' dir='ltr'>ferebar</span> <span class='ocrx_word' id='word_1_114' title='bbox 1504 2173 1748 2235; x_wconf 89' lang='lat' dir='ltr'>incerto</span> <span class='ocrx_word' id='word_1_115' title='bbox 1794 2171 1959 2252; x_wconf 92' lang='lat' dir='ltr'>pede</span> <span class='ocrx_word' id='word_1_116' title='bbox 2028 2189 2033 2193; x_wconf 83' lang='lat'>·</span> 
     </span>
     <span class='ocr_line' id='line_1_23' title="bbox 253 2257 1715 2340; baseline 0 -20"><span class='ocrx_word' id='word_1_117' title='bbox 253 2258 338 2336; x_wconf 85' lang='lat' dir='ltr'>ad</span> <span class='ocrx_word' id='word_1_118' title='bbox 381 2280 510 2322; x_wconf 89' lang='lat' dir='ltr'>non</span> <span class='ocrx_word' id='word_1_119' title='bbox 555 2259 796 2322; x_wconf 89' lang='lat' dir='ltr'>amicos</span> <span class='ocrx_word' id='word_1_120' title='bbox 841 2257 968 2321; x_wconf 93' lang='lat' dir='ltr'>heu</span> <span class='ocrx_word' id='word_1_121' title='bbox 1011 2259 1170 2321; x_wconf 92' lang='lat' dir='ltr'>mihi</span> <span class='ocrx_word' id='word_1_122' title='bbox 1213 2264 1433 2340; x_wconf 88' lang='lat' dir='ltr'>postes</span> <span class='ocrx_word' id='word_1_123' title='bbox 1480 2263 1545 2321; x_wconf 93' lang='lat' dir='ltr'>et</span> <span class='ocrx_word' id='word_1_124' title='bbox 1588 2257 1715 2320; x_wconf 93' lang='lat' dir='ltr'>heu</span> 
     </span>
    </p>

    <p class='ocr_par' dir='ltr' id='par_1_13' title="bbox 259 2342 2059 2512">
     <span class='ocr_line' id='line_1_24' title="bbox 425 2342 2059 2424; baseline -0.002 -17"><span class='ocrx_word' id='word_1_125' title='bbox 425 2345 648 2408; x_wconf 90' lang='lat' dir='ltr'>limina</span> <span class='ocrx_word' id='word_1_126' title='bbox 694 2344 873 2422; x_wconf 85' lang='lat' dir='ltr'>dura,</span> <span class='ocrx_word' id='word_1_127' title='bbox 921 2343 1148 2424; x_wconf 88' lang='lat' dir='ltr'>quibus</span> <span class='ocrx_word' id='word_1_128' title='bbox 1193 2343 1443 2408; x_wconf 90' lang='lat' dir='ltr'>lumbos</span> <span class='ocrx_word' id='word_1_129' title='bbox 1491 2350 1557 2406; x_wconf 92' lang='lat' dir='ltr'>et</span> <span class='ocrx_word' id='word_1_130' title='bbox 1598 2343 1827 2424; x_wconf 82' lang='lat' dir='ltr'>infregi</span> <span class='ocrx_word' id='word_1_131' title='bbox 1870 2342 2059 2406; x_wconf 88' lang='lat' dir='ltr'>latus.</span> 
     </span>
     <span class='ocr_line' id='line_1_25' title="bbox 259 2429 1673 2512; baseline 0 -22"><span class='ocrx_word' id='word_1_132' title='bbox 259 2450 421 2493; x_wconf 90' lang='lat' dir='ltr'>nunc</span> <span class='ocrx_word' id='word_1_133' title='bbox 465 2430 800 2512; x_wconf 85' lang='lat' dir='ltr'>gloriantis</span> <span class='ocrx_word' id='word_1_134' title='bbox 846 2429 1220 2511; x_wconf 71' lang='lat' dir='ltr'>quamlibet‘</span> <span class='ocrx_word' id='word_1_135' title='bbox 1241 2429 1673 2494; x_wconf 87' lang='lat' dir='ltr'>mulierculam</span> 
     </span>
    </p>

    <p class='ocr_par' dir='ltr' id='par_1_14' title="bbox 261 2515 1907 2683">
     <span class='ocr_line' id='line_1_26' title="bbox 426 2515 1907 2600; baseline -0.002 -22"><span class='ocrx_word' id='word_1_136' title='bbox 426 2518 680 2580; x_wconf 87' lang='lat' dir='ltr'>vincere</span> <span class='ocrx_word' id='word_1_137' title='bbox 727 2515 998 2579; x_wconf 90' lang='lat' dir='ltr'>mollitia</span> <span class='ocrx_word' id='word_1_138' title='bbox 1043 2536 1222 2579; x_wconf 90' lang='lat' dir='ltr'>amor</span> <span class='ocrx_word' id='word_1_139' title='bbox 1263 2515 1510 2600; x_wconf 83' lang='lat' dir='ltr'>Lycisci</span> <span class='ocrx_word' id='word_1_140' title='bbox 1555 2536 1656 2577; x_wconf 91' lang='lat' dir='ltr'>me</span> <span class='ocrx_word' id='word_1_141' title='bbox 1694 2519 1907 2593; x_wconf 82' lang='lat' dir='ltr'>tenet3</span> 
     </span>
     <span class='ocr_line' id='line_1_27' title="bbox 261 2601 1627 2683; baseline 0.001 -22"><span class='ocrx_word' id='word_1_142' title='bbox 261 2601 424 2664; x_wconf 89' lang='lat' dir='ltr'>unde</span> <span class='ocrx_word' id='word_1_143' title='bbox 471 2601 774 2683; x_wconf 88' lang='lat' dir='ltr'>expedire</span> <span class='ocrx_word' id='word_1_144' title='bbox 819 2622 948 2664; x_wconf 90' lang='lat' dir='ltr'>non</span> <span class='ocrx_word' id='word_1_145' title='bbox 993 2602 1342 2666; x_wconf 86' lang='lat' dir='ltr'>amicorum</span> <span class='ocrx_word' id='word_1_146' title='bbox 1387 2606 1627 2682; x_wconf 88' lang='lat' dir='ltr'>queant</span> 
     </span>
    </p>

    <p class='ocr_par' dir='ltr' id='par_1_15' title="bbox 262 2685 1857 2854">
     <span class='ocr_line' id='line_1_28' title="bbox 421 2685 1857 2766; baseline -0.003 -16"><span class='ocrx_word' id='word_1_147' title='bbox 421 2687 628 2750; x_wconf 88' lang='lat' dir='ltr'>libera</span> <span class='ocrx_word' id='word_1_148' title='bbox 673 2687 940 2750; x_wconf 84' lang='lat' dir='ltr'>consilia</span> <span class='ocrx_word' id='word_1_149' title='bbox 981 2708 1100 2750; x_wconf 86' lang='lat' dir='ltr'>nec</span> <span class='ocrx_word' id='word_1_150' title='bbox 1147 2685 1569 2751; x_wconf 86' lang='lat' dir='ltr'>contumeliae</span> <span class='ocrx_word' id='word_1_151' title='bbox 1615 2705 1857 2766; x_wconf 86' lang='lat' dir='ltr'>graves,</span> 
     </span>
     <span class='ocr_line' id='line_1_29' title="bbox 262 2771 1631 2854; baseline 0.001 -22"><span class='ocrx_word' id='word_1_152' title='bbox 262 2773 368 2836; x_wconf 89' lang='lat' dir='ltr'>sed</span> <span class='ocrx_word' id='word_1_153' title='bbox 415 2774 578 2838; x_wconf 88' lang='lat' dir='ltr'>alius</span> <span class='ocrx_word' id='word_1_154' title='bbox 627 2773 822 2837; x_wconf 89' lang='lat' dir='ltr'>ardor</span> <span class='ocrx_word' id='word_1_155' title='bbox 864 2778 978 2836; x_wconf 90' lang='lat' dir='ltr'>aut</span> <span class='ocrx_word' id='word_1_156' title='bbox 1019 2772 1272 2854; x_wconf 92' lang='lat' dir='ltr'>puellae</span> <span class='ocrx_word' id='word_1_157' title='bbox 1319 2771 1631 2838; x_wconf 89' lang='lat' dir='ltr'>candidae</span> 
     </span>
    </p>

    <p class='ocr_par' dir='ltr' id='par_1_16' title="bbox 423 2857 2057 2940">
     <span class='ocr_line' id='line_1_30' title="bbox 423 2857 2057 2940; baseline -0.004 -17"><span class='ocrx_word' id='word_1_158' title='bbox 423 2864 535 2923; x_wconf 91' lang='lat' dir='ltr'>aut</span> <span class='ocrx_word' id='word_1_159' title='bbox 579 2860 803 2922; x_wconf 86' lang='lat' dir='ltr'>teretis</span> <span class='ocrx_word' id='word_1_160' title='bbox 847 2859 1030 2939; x_wconf 90' lang='lat' dir='ltr'>pueri</span> <span class='ocrx_word' id='word_1_161' title='bbox 1073 2859 1327 2940; x_wconf 84' lang='lat' dir='ltr'>longam</span> <span class='ocrx_word' id='word_1_162' title='bbox 1373 2857 1745 2920; x_wconf 89' lang='lat' dir='ltr'>renodantis</span> <span class='ocrx_word' id='word_1_163' title='bbox 1790 2876 2057 2919; x_wconf 87' lang='lat' dir='ltr'>comam.</span> 
     </span>
    </p>
   </div>
   <div class='ocr_carea' id='block_1_3' title="bbox 1106 3019 1274 3112">
    <p class='ocr_par' dir='ltr' id='par_1_17' title="bbox 1106 3019 1274 3112">
     <span class='ocr_line' id='line_1_31' title="bbox 1106 3019 1274 3112; baseline 0 0"><span class='ocrx_word' id='word_1_164' title='bbox 1106 3019 1274 3112; x_wconf 66' lang='lat' dir='ltr'>XII}</span> 
     </span>
    </p>
   </div>
   <div class='ocr_carea' id='block_1_4' title="bbox 197 3180 2101 3864">
    <p class='ocr_par' dir='ltr' id='par_1_18' title="bbox 263 3180 1999 3349">
     <span class='ocr_line' id='line_1_32' title="bbox 263 3180 1999 3264; baseline 0.001 -20"><span class='ocrx_word' id='word_1_165' title='bbox 263 3180 420 3256; x_wconf 86' lang='lat' dir='ltr'>Quid</span> <span class='ocrx_word' id='word_1_166' title='bbox 464 3183 583 3246; x_wconf 91' lang='lat' dir='ltr'>tibi</span> <span class='ocrx_word' id='word_1_167' title='bbox 628 3181 742 3260; x_wconf 78' lang='lat' dir='ltr'>viS,</span> <span class='ocrx_word' id='word_1_168' title='bbox 789 3182 1034 3260; x_wconf 92' lang='lat' dir='ltr'>mulier,</span> <span class='ocrx_word' id='word_1_169' title='bbox 1082 3183 1278 3264; x_wconf 84' lang='lat' dir='ltr'>nigris</span> <span class='ocrx_word' id='word_1_170' title='bbox 1326 3183 1698 3262; x_wconf 83' lang='lat' dir='ltr'>dignissima</span> <span class='ocrx_word' id='word_1_171' title='bbox 1741 3182 1999 3247; x_wconf 80' lang='lat' dir='ltr'>barris?</span> 
     </span>
     <span class='ocr_line' id='line_1_33' title="bbox 422 3268 1640 3349; baseline 0.002 -19"><span class='ocrx_word' id='word_1_172' title='bbox 422 3289 689 3330; x_wconf 87' lang='lat' dir='ltr'>munera</span> <span class='ocrx_word' id='word_1_173' title='bbox 735 3275 847 3330; x_wconf 87' lang='lat' dir='ltr'>cur</span> <span class='ocrx_word' id='word_1_174' title='bbox 889 3268 1045 3331; x_wconf 88' lang='lat' dir='ltr'>mihi</span> <span class='ocrx_word' id='word_1_175' title='bbox 1091 3268 1320 3349; x_wconf 88' lang='lat' dir='ltr'>quidve</span> <span class='ocrx_word' id='word_1_176' title='bbox 1365 3268 1640 3332; x_wconf 90' lang='lat' dir='ltr'>tabellas</span> 
     </span>
    </p>

    <p class='ocr_par' dir='ltr' id='par_1_19' title="bbox 262 3352 1913 3520">
     <span class='ocr_line' id='line_1_34' title="bbox 262 3352 1913 3435; baseline 0.002 -21"><span class='ocrx_word' id='word_1_177' title='bbox 262 3354 472 3433; x_wconf 88' lang='lat' dir='ltr'>mittis,</span> <span class='ocrx_word' id='word_1_178' title='bbox 517 3374 638 3416; x_wconf 90' lang='lat' dir='ltr'>nec</span> <span class='ocrx_word' id='word_1_179' title='bbox 680 3352 863 3416; x_wconf 88' lang='lat' dir='ltr'>firmo</span> <span class='ocrx_word' id='word_1_180' title='bbox 909 3355 1118 3417; x_wconf 87' lang='lat' dir='ltr'>iuveni</span> <span class='ocrx_word' id='word_1_181' title='bbox 1163 3375 1368 3435; x_wconf 86' lang='lat' dir='ltr'>neque</span> <span class='ocrx_word' id='word_1_182' title='bbox 1414 3355 1586 3418; x_wconf 89' lang='lat' dir='ltr'>naris</span> <span class='ocrx_word' id='word_1_183' title='bbox 1634 3355 1913 3418; x_wconf 83' lang='lat' dir='ltr'>obesae?</span> 
     </span>
     <span class='ocr_line' id='line_1_35' title="bbox 423 3439 1552 3520; baseline -0.002 -18"><span class='ocrx_word' id='word_1_184' title='bbox 423 3459 700 3520; x_wconf 89' lang='lat' dir='ltr'>namque</span> <span class='ocrx_word' id='word_1_185' title='bbox 747 3439 1036 3520; x_wconf 87' lang='lat' dir='ltr'>sagacius</span> <span class='ocrx_word' id='word_1_186' title='bbox 1082 3462 1242 3503; x_wconf 88' lang='lat' dir='ltr'>unus</span> <span class='ocrx_word' id='word_1_187' title='bbox 1290 3439 1552 3516; x_wconf 79' lang='lat' dir='ltr'>odoror,-</span> 
     </span>
    </p>

    <p class='ocr_par' dir='ltr' id='par_1_20' title="bbox 197 3525 2001 3608">
     <span class='ocr_line' id='line_1_36' title="bbox 197 3525 2001 3608; baseline 0.002 -22"><span class='ocrx_word' id='word_1_188' title='bbox 197 3561 204 3569; x_wconf 96' lang='lat'>·</span> <span class='ocrx_word' id='word_1_189' title='bbox 265 3525 520 3608; x_wconf 86' lang='lat' dir='ltr'>polypus</span> <span class='ocrx_word' id='word_1_190' title='bbox 569 3546 651 3588; x_wconf 91' lang='lat' dir='ltr'>an</span> <span class='ocrx_word' id='word_1_191' title='bbox 697 3527 904 3606; x_wconf 83' lang='lat' dir='ltr'>gravis</span> <span class='ocrx_word' id='word_1_192' title='bbox 948 3525 1209 3589; x_wconf 89' lang='lat' dir='ltr'>hirsutis</span> <span class='ocrx_word' id='word_1_193' title='bbox 1257 3525 1447 3588; x_wconf 88' lang='lat' dir='ltr'>cubet</span> <span class='ocrx_word' id='word_1_194' title='bbox 1490 3525 1705 3589; x_wconf 92' lang='lat' dir='ltr'>hircus</span> <span class='ocrx_word' id='word_1_195' title='bbox 1750 3528 1816 3589; x_wconf 90' lang='lat' dir='ltr'>in</span> <span class='ocrx_word' id='word_1_196' title='bbox 1861 3527 2001 3604; x_wconf 88' lang='lat' dir='ltr'>alis,</span> 
     </span>
    </p>

    <p class='ocr_par' dir='ltr' id='par_1_21' title="bbox 428 3611 1751 3692">
     <span class='ocr_line' id='line_1_37' title="bbox 428 3611 1751 3692; baseline 0 -17"><span class='ocrx_word' id='word_1_197' title='bbox 428 3627 621 3692; x_wconf 86' lang='lat' dir='ltr'>quam</span> <span class='ocrx_word' id='word_1_198' title='bbox 667 3611 840 3673; x_wconf 89' lang='lat' dir='ltr'>canis</span> <span class='ocrx_word' id='word_1_199' title='bbox 889 3632 1054 3689; x_wconf 90' lang='lat' dir='ltr'>acer,</span> <span class='ocrx_word' id='word_1_200' title='bbox 1099 3611 1208 3674; x_wconf 88' lang='lat' dir='ltr'>ubi</span> <span class='ocrx_word' id='word_1_201' title='bbox 1252 3611 1458 3673; x_wconf 90' lang='lat' dir='ltr'>lateat</span> <span class='ocrx_word' id='word_1_202' title='bbox 1501 3632 1625 3675; x_wconf 73' lang='lat' dir='ltr'>sue.</span> <span class='ocrx_word' id='word_1_203' title='bbox 1746 3629 1751 3635; x_wconf 88' lang='lat'>·</span> 
     </span>
    </p>

    <p class='ocr_par' dir='ltr' id='par_1_22' title="bbox 267 3696 2101 3777">
     <span class='ocr_line' id='line_1_38' title="bbox 267 3696 2101 3777; baseline 0.002 -19"><span class='ocrx_word' id='word_1_204' title='bbox 267 3696 366 3774; x_wconf 87' lang='lat' dir='ltr'>qui</span> <span class='ocrx_word' id='word_1_205' title='bbox 411 3697 607 3760; x_wconf 86' lang='lat' dir='ltr'>sudor</span> <span class='ocrx_word' id='word_1_206' title='bbox 649 3697 832 3758; x_wconf 90' lang='lat' dir='ltr'>vietis</span> <span class='ocrx_word' id='word_1_207' title='bbox 871 3702 946 3759; x_wconf 81' lang='lat' dir='ltr'>et</span> <span class='ocrx_word' id='word_1_208' title='bbox 991 3717 1181 3777; x_wconf 87' lang='lat' dir='ltr'>quam</span> <span class='ocrx_word' id='word_1_209' title='bbox 1225 3697 1429 3759; x_wconf 86' lang='lat' dir='ltr'>malus</span> <span class='ocrx_word' id='word_1_210' title='bbox 1474 3697 1755 3777; x_wconf 89' lang='lat' dir='ltr'>undique</span> <span class='ocrx_word' id='word_1_211' title='bbox 1801 3697 2101 3772; x_wconf 82' lang='lat' dir='ltr'>membris</span> 
     </span>
    </p>

    <p class='ocr_par' dir='ltr' id='par_1_23' title="bbox 431 3782 1537 3864">
     <span class='ocr_line' id='line_1_39' title="bbox 431 3782 1537 3864; baseline -0.003 -18"><span class='ocrx_word' id='word_1_212' title='bbox 431 3783 664 3846; x_wconf 88' lang='lat' dir='ltr'>crescit</span> <span class='ocrx_word' id='word_1_213' title='bbox 709 3782 885 3860; x_wconf 87' lang='lat' dir='ltr'>odor,</span> <span class='ocrx_word' id='word_1_214' title='bbox 933 3803 1078 3845; x_wconf 91' lang='lat' dir='ltr'>cum</span> <span class='ocrx_word' id='word_1_215' title='bbox 1121 3803 1284 3864; x_wconf 87' lang='lat' dir='ltr'>pene</span> <span class='ocrx_word' id='word_1_216' title='bbox 1329 3782 1537 3844; x_wconf 84' lang='lat' dir='ltr'>soluto</span> 
     </span>
    </p>
   </div>
   <div class='ocr_carea' id='block_1_5' title="bbox 241 1390 262 1415">
    <p class='ocr_par' dir='ltr' id='par_1_24' title="bbox 241 1390 262 1415">
     <span class='ocr_line' id='line_1_40' title="bbox 241 1390 262 1415; baseline 0 0"><span class='ocrx_word' id='word_1_217' title='bbox 241 1390 262 1415; x_wconf 80' lang='lat'><strong><em>&lt;</em></strong></span> 
     </span>
    </p>
   </div>
   <div class='ocr_carea' id='block_1_6' title="bbox 2195 238 2315 299">
    <p class='ocr_par' dir='ltr' id='par_1_25' title="bbox 2195 238 2315 299">
     <span class='ocr_line' id='line_1_41' title="bbox 2195 238 2315 299; baseline 0.008 -1"><span class='ocrx_word' id='word_1_218' title='bbox 2195 238 2315 299; x_wconf 83' lang='lat'>105</span> 
     </span>
    </p>
   </div>
   <div class='ocr_carea' id='block_1_7' title="bbox 2339 1317 2417 1373">
    <p class='ocr_par' dir='ltr' id='par_1_26' title="bbox 2339 1317 2417 1373">
     <span class='ocr_line' id='line_1_42' title="bbox 2339 1317 2417 1373; baseline 0.026 -2"><span class='ocrx_word' id='word_1_219' title='bbox 2339 1317 2417 1373; x_wconf 86' lang='lat'>10</span> 
     </span>
    </p>
   </div>
   <div class='ocr_carea' id='block_1_8' title="bbox 2340 1746 2418 1800">
    <p class='ocr_par' dir='ltr' id='par_1_27' title="bbox 2340 1746 2418 1800">
     <span class='ocr_line' id='line_1_43' title="bbox 2340 1746 2418 1800; baseline 0 0"><span class='ocrx_word' id='word_1_220' title='bbox 2340 1746 2418 1800; x_wconf 86' lang='lat'>15</span> 
     </span>
    </p>
   </div>
   <div class='ocr_carea' id='block_1_9' title="bbox 2340 2175 2421 2252">
    <p class='ocr_par' dir='ltr' id='par_1_28' title="bbox 2340 2175 2421 2252">
     <span class='ocr_line' id='line_1_44' title="bbox 2340 2175 2421 2252; baseline 0 -22"><span class='ocrx_word' id='word_1_221' title='bbox 2340 2175 2421 2252; x_wconf 68' lang='lat'>,2⁰</span> 
     </span>
    </p>
   </div>
  </div>
 </body>
</html>
