2784 4319
14 2688 50 2949 ’.ακμ-
11 2568 28 2633 κ·

1128 218 1265 268 LIB.
1302 216 1372 269 11.
1410 223 1477 265 111

378 372 560 435 spem
601 352 826 416 veniae
873 359 1096 417 cautus
1113 353 1144 417 ⁶?
1195 352 1388 417 vitavi
1435 352 1709 434 deniqne
1756 352 2029 434 culpam,

375 458 520 503 non·
547 437 810 502 laudem
851 438 1072 506 merui.
1117 458 1232 503 vos
1277 438 1671 520 exemplaria
1715 437 1967 503 Graeca

374 529 694 600 nocturna
737 529 988 590 versate
1032 545 1245 603 manu,
1289 530 1543 588 versate
1590 524 1837 588 diurna.

377 614 450 675 at
491 609 687 673 vestri
729 609 951 691 proavi
994 609 1322 673 Plautinos
1368 616 1435 673 et
1477 630 1776 674 numeros
1821 615 1889 673 et

375 694 718 759 laudavere
764 694 952 775 sales,
996 695 1263 760 nimium
1307 696 1630 777 patienter
1673 701 2033 775 utrumque,

375 801 458 844 ne
502 779 714 845 dicam
757 780 972 859 stulte,
1016 781 1254 859 mirati,
1301 782 1356 845 si
1398 781 1593 845 modo
1640 801 1757 863 ego
1804 786 1871 845 et
1910 800 2025 848 vos

346 866 614 930 scimus
657 866 1040 931 inurbanum
1083 830 1298 948 lepido
1345 887 1657 948 seponere
1704 866 1876 931 dicto

374 951 854 1033 legitimumque
901 973 1130 1017 sonum
1173 952 1387 1033 digitis
1437 952 1742 1017 callemus
1788 958 1855 1016 et
1903 972 2076 1015 aure.

374 1036 662 1119 ignotum
703 1038 987 1118 tragicae
1034 1059 1233 1119 genus
1278 1038 1594 1101 invenisse
1640 1037 1958 1103 Camenae

377 1124 612 1187 dicitur
657 1129 723 1187 et
765 1122 1069 1205 plaustiis
1112 1122 1361 1187 vexisse
1407 1128 1711 1206 poemata
1754 1122 2041 1206 ThespiS,

371 1228 543 1291 quae
589 1214 893 1273 canerent
935 1216 1325 1291 agerentque
1372 1209 1667 1291 peruncti
1710 1208 1996 1273 faecibus
2042 1230 2172 1273 ora.

373 1299 524 1376 post
564 1294 734 1357 hunc
775 1315 1090 1376 personae
1134 1294 1474 1376 pallaeque
1520 1300 1815 1376 repertor
1857 1294 2167 1361 honestae

375 1380 727 1464 Aeschylus
769 1386 836 1444 et
878 1381 1145 1445 modicis
1190 1381 1488 1445 instravit
1530 1380 1781 1479 pulpita
1822 1381 2015 1463 tignis

377 1470 446 1531 et
489 1466 706 1530 docuit
748 1487 1173 1547 magnumque
1219 1466 1396 1547 loqui
1439 1466 1683 1547 nitique
1731 1465 2059 1530 cothurnO.

377 1553 683 1616 successit
726 1559 907 1617 vetus
951 1552 1052 1616 his
1097 1552 1447 1631 comoedia,
1492 1573 1621 1616 non
1667 1552 1800 1615 sine
1845 1552 2048 1615 multa

377 1637 600 1717 laude3
648 1638 763 1701 sed
804 1638 872 1701 in
912 1638 1138 1702 vitium
1179 1637 1445 1705 libertas
1492 1638 1728 1701 excidit
1774 1642 1845 1701 et
1881 1638 2009 1700 vim
2115 1659 2118 1662 ·

377 1722 637 1805 dignam
681 1723 822 1805 lege
865 1723 1034 1804 regi:
1079 1724 1187 1787 lex
1231 1729 1331 1788 est
1373 1729 1644 1805 accepta
1688 1722 2041 1803 chorusque

379 1810 654 1891 turpiter
699 1809 968 1873 obticuit
1011 1809 1263 1875 sublato
1308 1809 1446 1873 iure
1490 1808 1781 1873 nocendi.

377 1894 471 1957 nil
514 1895 966 1992 intemptatum
1008 1895 1211 1958 nostri
1255 1894 1500 1975 liquere
1536 1901 1797 1991 poetae,

379 2000 501 2043 nec
545 1981 872 2045 minimum
916 2002 1208 2044 meruere
1255 1981 1449 2044 decus
1494 1980 1761 2062 vestigia
1806 1980 2055 2043 Graeca

378 2066 520 2129 ausi
563 2066 858 2129 deserere
905 2072 969 2129 et
1015 2065 1340 2130 celebrare
1387 2066 1739 2130 domestica
1782 2065 1973 2144 facta,

377 2150 482 2215 vel
526 2152 635 2233 qui
678 2158 1048 2234 praetextas
1091 2152 1193 2216 vel
1238 2152 1347 2233 qui
1394 2153 1667 2216 docuere
1711 2157 1985 2234 togatas.

377 2258 498 2310 nec
540 2239 775 2301 virtute
819 2237 988 2302 foret
1035 2237 1299 2302 clarisve
1344 2239 1670 2319 potentius
1716 2239 1909 2302 armis

379 2343 574 2404 quam
617 2323 835 2406 lingua
877 2322 1150 2401 Latium,
1197 2324 1251 2386 si
1294 2344 1423 2387 non
1470 2323 1823 2387 offenderet
1864 2345 2060 2387 unum

381 2429 697 2490 quemque
741 2414 1078 2492 poetarum
1121 2409 1312 2472 limae
1355 2408 1542 2473 labor
1587 2415 1652 2472 et
1696 2430 1893 2472 mora.
1937 2430 2069 2488 vOS,
2116 2429 2153 2473 o

377 2494 726 2576 Pompilius
771 2495 1046 2575 sanguis,
1095 2515 1350 2558 carmen
1394 2494 1864 2574 reprehendite,
1912 2494 2085 2575 quod
2127 2515 2256 2558 non

377 2579 583 2644 multa
627 2580 764 2644 dies
811 2587 876 2644 et
919 2579 1123 2644 multa
1165 2579 1361 2643 litura
1408 2579 1737 2643 cohercuit
1780 2585 1974 2661 atque

377 2671 782 2748 praesectum
827 2666 1084 2730 deciens
1128 2686 1255 2729 non
1302 2664 1639 2746 castigavit
1682 2664 1767 2729 ad
1810 2687 2103 2748 unguem.

377 2751 699 2832 ingenium
743 2752 978 2815 misera
1023 2751 1173 2833 quia
1217 2750 1601 2814 fortunatius
1647 2756 1787 2815 arte

379 2837 587 2901 credit
629 2843 694 2901 et
739 2837 1021 2900 excludit
1064 2858 1254 2901 sanos
1296 2836 1605 2900 Helicone
1649 2841 1877 2918 poetas

377 2921 801 3002 DemocrituS,
845 2923 1018 2989 bona
1059 2943 1210 3004 pars
1254 2942 1383 2986 non
1425 2931 1669 3003 ungues
1714 2943 1954 3004 ponere
2002 2926 2206 3004 curat,

375 3028 507 3073 non
549 3008 839 3088 barbam,
885 3014 1135 3074 secreta
1176 3009 1341 3089 petit
1382 3008 1546 3087 loca,
1591 3007 1825 3073 balnea
1866 3009 2046 3074 vitat.

376 3095 784 3158 nanciscetur
829 3095 997 3158 enim
1040 3095 1317 3178 pretium
1359 3113 1717 3173 nomenque
1762 3098 2017 3175 poetae,

378 3179 436 3244 si
477 3180 683 3246 tribus
725 3179 1046 3262 Anticyris
1092 3185 1285 3261 caput
1326 3178 1683 3244 insanabile
1727 3199 2075 3259 numquam

375 3265 626 3330 tonsori
669 3265 888 3329 Licino
937 3264 1323 3329 conmiserit.
1370 3285 1407 3329 o
1456 3285 1575 3345 ego
1617 3263 1857 3343 laevuS,

377 3352 490 3433 qui
532 3370 770 3432 purgor
813 3351 1006 3415 bilem
1053 3351 1167 3414 sub
1213 3351 1390 3414 verni
1434 3351 1741 3430 temporis
1785 3349 2045 3413 horam!

375 3458 507 3501 non
551 3435 713 3516 alius
758 3437 1002 3500 faceret
1044 3435 1312 3501 meliora
1352 3442 1686 3518 poemata:
1742 3456 1961 3499 verum

376 3522 468 3590 nil
512 3524 676 3586 tanti
723 3529 836 3586 est.
886 3543 1035 3603 ergo
1081 3522 1309 3603 fungar
1353 3523 1490 3586 vice
1537 3522 1718 3599 cotis,
1766 3527 2026 3584 acutum

376 3608 650 3673 reddere
697 3629 859 3690 quae
905 3608 1145 3672 ferrum
1186 3608 1377 3686 valet,
1426 3627 1643 3672 exsors
1688 3607 1831 3689 ipsa
1876 3604 2170 3686 secandi3

375 3709 606 3758 munus
653 3701 718 3757 et
764 3693 1060 3773 officium,
1107 3694 1197 3756 nil
1243 3694 1527 3758 scribens
1572 3693 1730 3774 ipse,
1777 3691 2043 3768 docebO,

373 3780 548 3844 unde
592 3787 899 3861 parentur
945 3801 1117 3862 opeS‚
1165 3780 1322 3861 quid
1365 3780 1499 3843 alat
1542 3779 1902 3859 formetque
1946 3782 2225 3858 poetam,

2312 219 2435 283 213

2422 590 2548 670 27o

2418 1044 2543 1099 275

2414 1471 2541 1525 280

2418 1899 2546 1953 285

2422 2328 2549 2382 290

2362 2751 2365 2754 ⁴
2420 2755 2546 2809 295

2421 3187 2548 3242 300

2420 3614 2546 3668 305
