2784 4319
16 3115 25 3176 r——
18 2879 39 3053 —uv-n‘
18 2676 41 2844 Α*
21 2576 30 2589 ι

15 3527 29 3846 ἱ

1010 215 1148 265 ΠΒ.
1183 215 1230 264 1.
1275 222 1437 263 ιιι-ν

275 352 388 433 qui
433 372 664 437 sapere
709 357 777 417 et
819 352 940 417 fari
987 353 1193 433 possit
1239 372 1405 435 quae
1453 352 1709 432 sentiat,
1757 357 1825 417 et
1868 354 1971 417 cui

275 440 510 521 gratia,
557 438 749 518 fama,
796 439 1098 503 valetudo
1147 440 1479 519 contingat
1525 437 1803 518 abunde,

277 529 346 589 et
390 523 668 588 mundus
711 525 918 589 victus
963 545 1093 587 non
1140 522 1482 589 deficiente
1531 525 1885 589 crumena?

274 611 450 675 inter
494 630 676 693 spem
722 632 1092 693 curamque,
1141 612 1407 676 timores
1452 610 1624 676 inter
1672 616 1741 675 et
1782 612 1915 676 iras

275 716 535 761 omnem
581 696 770 762 crede
818 697 991 762 diem
1037 697 1156 761 tibi
1201 696 1505 761 diluxisse
1554 718 1955 779 supremum:

273 790 466 867 grata
511 784 919 865 superveniet
965 804 1132 865 quae
1175 804 1306 850 non
1351 784 1719 865 sperabitur
1765 783 1944 848 hora.

273 890 380 933 me
425 868 730 953 pinguem
776 876 844 934 et
885 870 1162 935 nitidum
1206 868 1371 935 bene
1418 875 1644 935 curata
1688 875 1837 934 cute
1884 860 2072 950 vises,

275 977 424 1021 cum
469 954 681 1019 ridere
726 954 900 1019 voles
947 955 1210 1037 Epicuri
1255 956 1336 1021 de
1384 976 1576 1078 grege
1621 976 1908 1037 porcum.

1271 1200 1361 1275 V.

275 1390 350 1455 Si
391 1396 580 1475 potes
621 1390 954 1456 Archiacis
999 1392 1266 1455 conviva
1305 1390 1681 1456 recumbere
1724 1390 1913 1455 lectis

273 1496 399 1541 nec
442 1475 719 1540 modica·
742 1497 973 1542 cenare
1018 1478 1207 1541 times
1251 1476 1439 1542 holus
1486 1498 1673 1541 omne
1717 1476 1979 1558 patella,

276 1582 580 1645 supremo
625 1568 692 1627 te
737 1562 872 1628 sole
920 1564 1111 1642 domi,
1159 1563 1499 1644 Torquate,
1549 1564 1844 1628 manebo.

272 1651 426 1713 vina
468 1647 651 1713 bibes
696 1650 930 1714 iterum
974 1648 1184 1713 Tauro
1233 1648 1467 1715 diffusa
1508 1649 1831 1731 palustres

274 1736 449 1809 inter
491 1734 850 1801 Minturnas
899 1735 1505 1817 Sinuessanumque·
1526 1736 1873 1800 Petrinum.

275 1822 334 1887 si
379 1820 606 1885 melius
653 1821 807 1903 quid
851 1820 1072 1900 habeS,
1121 1842 1396 1901 arcesse,
1441 1822 1544 1886 vel
1587 1823 1927 1903 imperium
1971 1822 2086 1887 fer.

274 1906 654 1973 iamdudum
699 1907 994 1989 splendet
1037 1908 1218 1972 focus
1263 1914 1330 1973 et
1373 1907 1495 1972 tibi
1538 1908 1779 1973 munda
1824 1908 2127 1991 supellex,

273 1994 464 2057 mitte
508 1994 680 2059 leves
726 2014 872 2075 spes
918 2000 984 2058 et
1028 1995 1381 2059 certamina
1426 1994 1792 2059 divitiarum

276 2086 346 2145 et
391 2078 642 2144 Moschi
685 2101 978 2145 causam:
1027 2102 1170 2145 cras
1214 2086 1370 2146 nato
1416 2079 1692 2146 Caesare
1738 2081 1939 2145 festus

173 2234 176 2236 ,
275 2167 394 2232 dat
437 2168 691 2231 veniam
735 2187 1154 2249 somnumque
1200 2168 1370 2248 dies3
1415 2169 1652 2249 inpune
1697 2167 1920 2232 licebit

277 2255 593 2318 aestivam
638 2274 929 2328 sermone
975 2255 1252 2336 benigno
1297 2253 1565 2319 tendere
1610 2258 1885 2319 noctem.

277 2360 407 2422 quo
451 2338 612 2404 mihi
655 2338 997 2419 fortunam,
1045 2341 1101 2406 si
1143 2360 1272 2403 non
1320 2340 1696 2404 conceditur
1734 2341 1880 2404 uti?

276 2445 512 2508 parcus
559 2425 642 2490 ob
685 2425 944 2492 heredis
989 2447 1209 2492 curam
1252 2427 1645 2506 nimiumque
1692 2446 1950 2490 severus

279 2511 540 2576 adsidet
580 2512 838 2576 insano:
885 2518 1114 2594 potare
1161 2519 1228 2576 et
1272 2533 1575 2594 spargere
1619 2509 1810 2576 flores

278 2599 585 2680 incipiam
628 2599 968 2681 patiarque
1014 2598 1116 2662 vel
1160 2597 1557 2662 inconsultus
1602 2596 1846 2662 haberi.

277 2684 435 2765 quid
478 2703 610 2748 non
654 2683 934 2750 ebrietas
980 2684 1337 2766 dissignat?
1382 2689 1609 2766 operta
1652 2682 1945 2760 recludit,

277 2790 428 2851 spes
470 2770 651 2835 iubet
696 2791 836 2835 esse
879 2776 1076 2849 ratas,
1123 2769 1208 2834 ad
1251 2769 1501 2851 proelia
1545 2768 1748 2832 trudit
1792 2769 2083 2850 inertem,

277 2855 572 2920 sollicitis
613 2857 846 2920 animis
893 2877 1054 2920 onus
1099 2856 1338 2934 eximit,
1387 2855 1667 2920 addocet
1710 2861 1901 2918 arteS.

275 2940 536 3009 fecundi
583 2941 814 3007 calices
861 2963 1050 3025 quem
1094 2963 1223 3006 non
1268 2943 1479 3005 fecere
1527 2942 1855 3021 disertum,

277 3033 614 3092 contracta
659 3049 849 3110 quem
893 3049 1022 3092 non
1066 3029 1134 3091 in
1176 3033 1561 3109 paupertate
1608 3026 1937 3091 solutum?

273 3111 439 3178 haec
485 3135 604 3196 ego
648 3135 996 3197 procurare
1043 3121 1109 3178 et
1151 3115 1419 3178 idoneus
1464 3115 1745 3194 imperor
1791 3117 1857 3176 et
1898 3132 2028 3177 non

275 3199 534 3280 invitus,
578 3221 660 3264 ne
705 3205 892 3282 turpe
938 3197 1126 3278 toral,
1171 3220 1252 3263 ne
1297 3199 1561 3263 sordida
1603 3218 1841 3280 mappa

277 3293 590 3368 conruget
633 3307 841 3366 nareS,
889 3309 968 3351 ne
1014 3308 1142 3350 non
1191 3291 1256 3350 et
1303 3284 1647 3348 cantharus
1694 3290 1761 3349 et
1805 3285 1955 3348 lanx

278 3373 582 3436 ostendat
625 3373 744 3436 tibi
788 3379 874 3451 te,
920 3393 1002 3436 ne
1045 3369 1209 3437 fidos
1253 3371 1424 3436 inter
1468 3371 1709 3434 amicos

279 3457 368 3521 sit
411 3459 521 3539 qui
565 3457 740 3522 dicta
783 3458 957 3523 foras
1003 3457 1307 3536 eliminet
1351 3461 1427 3520 ut
1472 3461 1658 3520 coeat
1698 3477 1820 3538 par

275 3543 705 3641 iungaturque
751 3545 908 3626 pari.
955 3543 1224 3608 Butram
1266 3507 1387 3608 t'ibi
1434 3539 1929 3623 Septiciumque,

281 3635 350 3692 et
391 3630 514 3693 nisi
559 3651 719 3694 cena
762 3631 942 3712 prior
983 3631 1323 3713 potiorque
1367 3628 1585 3712 puella
1631 3625 1938 3692 Sabinum

280 3713 546 3796 detinet,
593 3716 943 3780 adsumam.
991 3716 1168 3779 locus
1214 3721 1313 3780 est
1359 3719 1426 3778 et
1467 3713 1754 3795 pluribus
1798 3713 2073 3778 umbris·

279 3800 399 3864 sed
440 3800 630 3866 nimis
673 3808 818 3868 arta
859 3807 1159 3884 premunt
1204 3801 1415 3866 olidae
1461 3800 1747 3864 convivia
1792 3820 2043 3882 caprae.

2254 214 2373 279 173

2397 448 2479 501 10

2392 878 2474 933 15

2384 2174 2461 2228 10

2353 2603 2457 2656 -15

2377 3034 2457 3086 20

2375 3461 2456 3516 25
