2784 4319
920 200 1056 253 12113.
1093 199 1159 248 11.
1202 211 1481 253 xvu--xix

480 337 741 418 pauperi
785 340 1138 406 recluditur

644 445 994 508 regumque
1037 427 1270 508 pueris,
1316 446 1437 490 nec
1484 422 1745 490 satelles
1791 422 1940 490 Orci

481 506 779 574 callidum
821 511 1204 578 Promethea

643 598 889 662 revexit
931 619 1088 662 auro
1136 603 1381 679 captus.
1426 595 1533 660 hic
1580 595 1926 678 superbum

479 708 814 780 Tantalum
859 723 1053 799 atque
1097 717 1352 783 Tantali

645 821 848 883 genus
891 803 1208 882 cohercet,
1252 803 1357 868 hic
1399 801 1615 867 levare
1658 799 1950 864 functum

477 904 823 967 pauperem
864 888 1194 953 laboribus

645 979 910 1038 vocatus
955 979 1148 1056 atque
1194 995 1322 1038 non
1364 977 1630 1048 vocatus
1675 971 1873 1036 audit.

1147 1113 1356 1186 XIX.

478 1224 798 1292 Bacchum
841 1231 910 1294 in
952 1233 1216 1296 remotis
1261 1231 1549 1294 carmina
1590 1229 1857 1310 rupibus

477 1311 604 1382 vidi
647 1313 1004 1396 docentem,
1053 1317 1296 1383 credite
1339 1316 1604 1398 posteri,

559 1397 1012 1484 Nymphasque
1058 1403 1377 1468 discentes
1424 1408 1490 1466 et
1533 1422 1721 1464 aures

648 1489 1062 1569 capripedum
1109 1488 1481 1570 Satyrorum
1524 1492 1767 1550 acutas.

478 1601 700 1684 euhoe,
746 1609 992 1670 recenti
1035 1628 1214 1672 mens
1257 1607 1544 1689 trepidat
1587 1612 1765 1669 metu

478 1687 792 1772 plenoque
837 1691 1075 1758 Bacchi
1117 1699 1380 1775 pectore
1426 1693 1755 1758 turbidum

561 1774 871 1842 laetatur:
918 1778 1142 1860 euhoe,
1185 1799 1379 1861 parce
1424 1777 1635 1856 Liber,

646 1882 843 1950 parce
887 1865 1065 1946 gravi
1109 1864 1451 1929 metuende
1496 1863 1747 1946 thyrso!

476 1977 573 2044 fas
614 1982 982 2062 pervicaces
1025 1989 1125 2048 est
1167 1983 1321 2048 mihi
1367 1982 1686 2066 Thyiadas

475 2065 730 2150 vinique
775 2067 1037 2148 fontem,
1081 2067 1268 2134 lactis
1315 2074 1381 2136 et
1425 2069 1655 2134 uberes

563 2161 828 2220 cantare
869 2154 1040 2221 rivos
1084 2162 1278 2238 atque
1322 2156 1567 2221 truncis

646 2239 832 2322 lapsa
875 2241 1045 2307 cavis
1087 2242 1326 2307 iterare
1369 2240 1593 2306 mella:

477 2363 574 2425 ias
621 2367 687 2424 et
729 2359 960 2425 beatae
1006 2361 1290 2443 coniugis
1337 2362 1627 2425 additum

478 2445 680 2514 stellis
724 2446 1054 2526 honorem,
1095 2454 1395 2529 tectaque
1439 2446 1708 2513 Penthei

563 2532 836 2597 disiecta
877 2552 1008 2597 non
1048 2531 1177 2596 leni
1220 2534 1425 2612 ruina,

650 2615 913 2682 Thracis
957 2622 1026 2681 et
1069 2618 1330 2682 exitium
1372 2617 1663 2701 Lycurgi.

476 2743 551 2801 tu
590 2735 797 2801 flectis
843 2758 1080 2817 amnes,
1126 2743 1198 2801 tu
1241 2760 1420 2802 mare
1462 2738 1827 2817 barbarum,

474 2827 550 2886 tu
593 2824 908 2906 separatis
952 2823 1178 2888 uvidus
1223 2824 1289 2887 in
1331 2823 1497 2906 iugis

561 2908 733 2973 nodo
779 2908 1082 2975 coherces
1125 2910 1411 2991 viperino

651 2992 1054 3061 Bistonidum
1097 2996 1234 3059 sine
1278 2994 1505 3059 fraude
1551 2995 1776 3059 crines.

477 3119 568 3191 tu,
613 3134 759 3177 cum
801 3114 1086 3195 parentis
1130 3136 1329 3195 regna
1369 3135 1489 3195 per
1530 3114 1801 3178 arduum

477 3196 706 3263 cohors
751 3198 1097 3279 Gigantum
1141 3199 1481 3263 scanderet
1522 3200 1717 3281 inpia,

561 3284 879 3348 Rhoetum
922 3285 1242 3349 retorsisti
1283 3283 1488 3349 leonis

648 3370 964 3451 unguibus
1005 3369 1423 3452 horribilique
1468 3370 1657 3448 mala,

417 3552 428 3565 „
477 3506 863 3569 quamquam
908 3486 1156 3553 choreis
1199 3488 1413 3571 aptior
1455 3494 1523 3552 et
1561 3488 1721 3552 iocis

267 3608 272 3611 ·
363 3652 368 3655 Ι
477 3570 755 3655 ludoque
800 3573 1028 3652 dictuS,
1071 3593 1202 3637 non
1246 3577 1348 3638 sat
1388 3574 1658 3638 idoneus

561 3678 814 3741 pugnae
858 3657 1199 3723 ferebaris:
1246 3658 1361 3723 sed
1406 3659 1577 3725 idem

646 3743 824 3825 pacis
869 3764 1013 3808 eras
1055 3744 1432 3827 mediusque
1473 3744 1645 3810 belli.

2253 195 2338 266 43

2357 513 2443 570 35

2360 973 2444 1028 40

2404 1607 2444 1662 ῼἾ

2361 2073 2444 2128 10

2360 2541 2445 2595 15

2358 3000 2444 3054 20

2354 3490 2441 3547 25
