2784 4319
893 270 898 273 -
1001 239 1147 292 LIB.
1185 237 1226 284 Ι.
1262 247 1511 287 vm--xn

564 381 631 439 te
677 397 921 456 canam,
967 375 1182 458 magni
1223 373 1392 438 Iovis
1437 380 1504 439 et
1546 375 1813 440 deorum

565 463 857 526 nuntium
901 481 1256 544 curvaeque
1300 459 1480 543 lyrae
1520 466 1873 543 parentem,

568 547 888 628 callidum,
935 547 1248 630 quidquid
1288 547 1570 630 placuit,
1597 548 1815 611 iocoso

741 635 1015 698 condere
1059 635 1249 698 furto.

565 758 652 832 te,
695 753 892 818 boves
932 754 1091 818 olim
1133 754 1255 816 nisi
1300 749 1692 816 reddidisses

567 860 684 920 per
727 839 946 904 dolum
991 845 1259 918 amotas»,
1305 860 1574 921 puerum
1620 835 1852 902 minaci

568 945 721 988 voce
769 927 920 990 dum
962 931 1182 1003 terret,
1227 925 1455 988 viduus
1500 923 1807 1005 pharetra

739 1013 880 1075 risit
922 1011 1172 1094 Apollo.

570 1131 721 1211 quin
767 1136 833 1194 et
873 1131 1134 1211 Atridas
1181 1131 1343 1194 duce
1385 1134 1453 1194 te
1499 1127 1807 1211 superbos

568 1216 684 1281 Ilio
732 1217 916 1280 dives
951 1217 1240 1292 Priamus
1284 1217 1510 1280 relicto

570 1301 1032 1385 Thessalosque
1069 1297 1256 1384 ¹ignes
1301 1308 1368 1366 et
1408 1303 1629 1382 iniqua
1670 1300 1898 1364 Troiae

743 1395 955 1452 castra
997 1388 1240 1452 fefellit.

568 1511 642 1570 tu
682 1512 823 1589 pias
867 1507 1054 1571 laetis
1099 1508 1344 1571 animas
1384 1507 1645 1590 reponis

543 1594 827 1658 sedibus
869 1594 1172 1676 virgaque
1215 1593 1421 1657 levem
1467 1595 1769 1658 coherces

571 1700 767 1772 aurea
809 1678 1084 1759 turbam,
1120 1681 1378 1778 ‘superis
1425 1680 1691 1744 deorum

741 1770 960 1846 gratus
1003 1770 1078 1828 e't
1112 1765 1275 1829 imis.

1173 1973 1303 2046 XI.

135 2141 229 2207 Tu
270 2166 361 2209 ne
409 2143 758 2226 quaesieris
805 2144 1020 2227 (scire
1039 2142 1248 2227 nefas)
1295 2166 1487 2226 quem
1529 2143 1704 2225 mihi,
1738 2167 1940 2227 quem
1982 2142 2103 2209 tibi

139 2227 331 2295 finem
380 2230 450 2293 di
497 2230 807 2310 dederint,
852 2230 1209 2308 Leuconoe,
1255 2252 1374 2293 nec
1418 2230 1805 2314 Babylonios

135 2316 482 2399 temptaris
527 2336 839 2379 numeros
883 2321 958 2380 ut
1000 2316 1244 2395 meliuS,
1293 2318 1602 2399 quidquid
1650 2319 1791 2397 erit,
1835 2316 2001 2399 pati!

130 2422 245 2467 seu
292 2402 519 2484 plures
561 2400 824 2466 hiemes
849 2423 962 2465 seu
1003 2367 1244 2465 tribuit
1270 2402 1560 2485 Iuppiter
1601 2404 1913 2482 ultimam,

130 2541 304 2602 quae
354 2543 525 2585 nunc
571 2523 879 2603 oppositis
925 2522 1222 2597 debilitat
1265 2522 1623 2605 pumicibus
1667 2543 1845 2587 mare

130 2606 570 2692 Tyrrhenum:
619 2610 850 2689 sapias,
895 2609 1043 2672 vina
1086 2609 1292 2689 liques
1339 2613 1405 2671 et
1450 2609 1657 2689 spatio
1704 2608 1877 2671 brevi

131 2714 324 2776 spem
367 2693 626 2775 longam
669 2714 937 2758 reseces.
983 2694 1133 2757 dum
1177 2694 1515 2775 loquimur,
1560 2692 1795 2773 fugerit
1837 2694 2055 2759 invida

125 2788 358 2844 aetas:
407 2800 597 2861 carpe
643 2780 831 2859 diem,
878 2800 1069 2861 quam
1113 2780 1446 2842 minimum
1492 2778 1751 2842 credula
1793 2786 2073 2860 postero·

1113 2984 1117 2989 ’
1147 2986 1321 3059 XII.

468 3153 669 3230 Quem
711 3157 911 3219 virum
959 3168 1072 3219 aut
1113 3156 1314 3219 heroa
1356 3156 1495 3238 lyra
1537 3155 1637 3218 vel
1682 3154 1815 3219 acri

465 3240 626 3304 tibia
670 3243 866 3305 sumis
912 3242 1258 3321 celebrare,
1307 3239 1465 3320 Clio,

467 3345 656 3407 quem
700 3328 930 3391 deum?
974 3329 1150 3391 cuius
1195 3328 1441 3391 recinet
1482 3326 1702 3391 iocosa

637 3434 869 3476 nomen
912 3415 1123 3495 imago

468 3538 580 3593 aut
618 3532 688 3596 in
729 3533 1046 3597 umbrosis
1089 3532 1415 3595 Heliconis
1461 3532 1589 3595 oris

467 3622 580 3679 aut
622 3638 815 3699 super
855 3618 1058 3683 Pindo
1104 3618 1392 3699 gelidove
1436 3618 1503 3680 111
1547 3616 1834 3681 Haemo?

466 3703 635 3766 unde
677 3704 964 3767 vocalem
1007 3711 1248 3768 temere
1292 3705 1619 3766 insecutae

639 3788 896 3871 Orphea
941 3790 1155 3869 silvae,

2394 843 2477 898 10

2396 1308 2497 1362 15²

2396 1771 2475 1827 20
