2784 4319
391 255 476 318 54

289 771 375 830 25

251 1207 382 1288 '30

301 1693 386 1750 35

301 2157 392 2212 40

300 2654 395 2710 45

1181 251 1455 302 HORATI
1492 251 1875 302 CARMINUM

804 394 1016 454 motus
1061 387 1279 454 doceri
1321 388 1563 470 gaudet
1602 387 1854 454 Ionicos

769 497 776 506 ·
805 480 1062 539 matura
1100 475 1277 556 virgo
1327 479 1394 538 et
1434 472 1698 556 fingitur
1741 473 1988 540 artibus

894 561 1025 624 iam
1067 580 1255 638 nunc,
1302 565 1370 624 et
1411 560 1690 624 incestos
1735 580 1985 626 amores

983 644 1065 710 de
1107 650 1331 709 tenero
1377 645 1729 710 meditatur
1770 647 1988 729 ungui.

810 785 960 830 mox
1003 764 1280 830 iuniores
1325 764 1579 846 quaerit
1621 764 1950 830 adulteros

811 853 980 915 inter
1024 852 1238 914 mariti
1282 852 1431 916 vina
1473 871 1681 932 neque
1726 851 1921 932 eligit,

900 937 1004 1002 cui
1049 936 1246 1000 donet
1287 937 1669 1018 inpermissa
1710 937 1949 1017 raptim

985 1021 1222 1105 gaudia
1262 1021 1607 1086 luminibus
1651 1021 1933 1101 remotiS,

815 1142 937 1206 sed
977 1142 1150 1207 iussa
1195 1159 1413 1210 coram
1455 1161 1585 1205 non
1630 1141 1765 1206 sine
1811 1143 2069 1205 conscio

816 1228 1022 1309 surgit
1063 1227 1316 1306 marim,
1362 1246 1477 1290 seu
1518 1232 1709 1292 vocat
1750 1227 2025 1306 institor,

903 1334 1017 1376 seu
1060 1307 1258 1376 navis
1280 1312 1608 1410 Hispanae
1650 1313 1973 1395 magister,

991 1399 1378 1464 dedeoornm
1420 1397 1743 1479 pretiosus
1786 1402 2058 1480 emptor.

815 1540 946 1584 non
989 1517 1090 1582 his
1133 1519 1429 1583 iuventus
1474 1522 1619 1582 orta
1660 1516 2037 1600 parentibus

815 1604 1040 1669 infecit
1083 1623 1325 1686 aequor
1367 1603 1675 1686 sanguine
1718 1603 1979 1681 Punico,

903 1688 1342 1772 Pyrrhumque
1387 1695 1457 1754 et
1497 1691 1821 1771 ingentem
1866 1687 2099 1752 cecidit

989 1774 1376 1839 Antiochum
1419 1774 1970 1856 Hannibalemque
2016 1773 2225 1836 dirum
2240 1794 2267 1834 ·.·

821 1895 936 1960 sed
979 1896 1362 1959 rusticorum
1406 1895 1692 1958 mascula
1735 1895 2008 1958 militum

820 1981 1054 2063 proleS,
1101 1980 1370 2046 Sabellis
1418 1980 1612 2044 docta
1652 1980 1970 2063 ligonibus

907 2086 1162 2131 versare
1207 2065 1469 2147 glaebas
1513 2071 1581 2130 et
1622 2086 1882 2130 severae

995 2151 1218 2217 matris
1265 2151 1349 2216 ad.
1391 2150 1728 2218 arbitrium
1772 2151 2009 2215 recisos

824 2278 1081 2355 portare
1128 2272 1346 2353 fustes,
1395 2271 1491 2335 sol
1533 2271 1647 2336 ubi
1688 2272 2000 2335 montium

826 2363 1107 2421 mutaret
1147 2357 1409 2422 umbras
1456 2362 1523 2421 et
1562 2358 1713 2438 iuga
1756 2358 2045 2421 demeret

910 2442 1114 2507 bobus
1159 2442 1466 2525 fatigatis,
1511 2444 1789 2506 amicum

997 2534 1248 2609 tempus
1293 2548 1490 2611 agens
1534 2527 1809 2593 abeunte
1854 2548 2061 2591 curru,

830 2648 1138 2713 damnosa
1183 2648 1338 2728 quid
1380 2667 1510 2711 non
1552 2648 1849 2711 inminuit
1892 2645 2078 2710 dies?

828 2738 1008 2799 aetas
1052 2738 1411 2814 parentum,
1455 2733 1639 2815 peior
1682 2732 1833 2810 avi8‚
1878 2731 2029 2795 tulit

911 2838 1030 2884 nos
1073 2820 1432 2899 nequioreS,
1477 2838 1627 2881 mox
1670 2818 1934 2881 daturos

997 2904 1369 2987 progeniem
1413 2904 1819 2967 vitiosiorem.

1466 3039 1636 3115 VH.

831 3158 997 3257 Quid
1039 3156 1175 3238 fleS‚
1219 3158 1493 3238 Asterie,
1540 3178 1730 3239 quem
1773 3157 1893 3222 tibi
1936 3156 2205 3221 candidi

831 3246 1039 3329 primo
1083 3246 1429 3309 restituent
1468 3264 1617 3308 vere
1658 3242 1925 3312 Favonii

917 3330 1140 3413 Thyna
1182 3350 1396 3393 meroe
1440 3328 1719 3409 beatum,

1005 3416 1356 3478 constantis
1400 3413 1692 3479 iuvenem
1733 3412 1887 3478 fidei

836 3533 1102 3617 Gygen?
1143 3533 1252 3598 ille
1294 3534 1480 3598 Notis
1524 3539 1705 3598 actus
1751 3535 1835 3598 ad
1880 3532 2146 3598 Oricum

835 3624 986 3701 post
1027 3619 1254 3685 insana
1298 3617 1547 3701 Caprae
1591 3618 1803 3683 sidera
1845 3619 2113 3702 frigidas

915 3711 1152 3770 noctes·
1180 3726 1310 3769 non
1353 3706 1489 3769 sine
1534 3705 1751 3768 multis

999 3791 1304 3856 insomnis
1347 3791 1627 3855 lacrimis
1672 3791 1823 3872 agit.
