2784 4319
1062 200 1196 250 LIB.
1235 202 1303 251 11.
1341 207 1413 247 111
2197 228 2203 234 ·
2262 208 2387 268 217

313 340 404 417 ut,
450 337 561 419 qui
606 336 904 402 conducti
945 339 1204 421 plorant
1247 340 1314 403 13
1357 338 1599 421 funere,
1647 340 1869 405 dicunt

316 428 382 487 et
423 423 669 488 faciunt
710 446 911 505 prope
955 425 1142 505 plura
1187 425 1550 490 dolentibus
1598 448 1677 490 ex
1720 428 1951 507 331130,
1998 427 2093 493 313

315 509 565 574 derisor
605 531 756 575 vero
800 509 944 592 plus
989 511 1322 575 laudatore
1367 517 1675 577 movetur.

313 617 498 677 reges
545 596 844 661 dicuntur
887 596 1102 660 multis
1147 619 1419 679 urguere
1467 598 1717 663 33131113

315 688 383 746 31
423 689 724 763 torquere
768 704 964 761 mero,
1013 704 1201 763 quem
1245 685 1647 765 perspexisse
1691 684 2009 766 laborant,
2364 689 2481 747 435

316 769 530 832 ansit
573 769 858 833 amicitia
903 769 1163 849 dignus:
1213 771 1266 833 si
1312 772 1597 833 carmina
1641 772 1898 851 3031133,

313 875 659 935 numquam
700 861 767 918 te
813 855 1037 919 fallent
1081 856 1276 919 animi
1321 856 1439 921 3311
1483 856 1667 937 volpe
1711 857 2005 923 latentes.

319 940 624 1046 Quintilio
672 941 726 1004 31
760 941 925 1046 quid
968 943 1294 1019 recitares,
1337 937 1611 1023 ‘corrige
1660 943 1849 1007 sodes

315 1020 455 1090 hoc’
505 1027 721 1092 aiebat
760 1020 853 1090 ‘et
897 1020 1059 1091 hoc'.
1105 992 1330 1091 13311113
1377 1035 1442 1091 13
1487 1049 1675 1109 posse
1721 1050 1993 1109 negares

313 1110 414 1177 bis
458 1118 684 1194 terque
731 1119 1062 1195 expertum
1107 1114 1362 1193 frustiqa
1413 1115 1627 1178 delere
1672 1114 1935 1179 iubebat
2361 1122 2485 1177 440

317 1203 382 1264 et
424 1199 591 1263 male
635 1204 928 1263 tornatos
971 1200 1187 1265 incudi
1231 1201 1502 1264 reddere
1547 1221 1785 1264 versus,
2400 1208 2404 1215 '

315 1284 371 1349 si
415 1284 758 1349 defendere
806 1284 1109 1349 delictum
1155 1307 1347 1367 quam
1391 1294 1641 1350 vertere
1687 1286 1932 1367 malles,

313 1370 558 1435 nullum
600 1372 772 1458 ultra
815 1372 1076 1435 verbum
1122 1378 1234 1435 aut
1278 1394 1541 1454 operam
1588 1373 1949 1437 insumebat
1991 1374 2267 1454 inanem,

314 1457 469 1538 quin
513 1449 648 1521 sine
693 1458 876 1521 rivali
920 1460 1111 1538 teque
1159 1465 1224 1521 et
1268 1465 1380 1522 tua
1428 1459 1599 1523 solus
1645 1480 1912 1523 3133133.

313 1543 411 1607 vir
451 1544 656 1609 bonus
703 1550 767 1607 et
809 1543 1088 1625 prudens
1133 1566 1351 1608 versus
1397 1544 1825 1626 reprehendet
1868 1546 2125 1625 inertes,
2357 1552 2477 1605 445

318 1629 604 1710 culpabit
650 1630 861 1708 duros,
909 1630 1246 1711 incomptis
1293 1631 1537 1695 adlinet
1581 1638 1793 1695 atrum

315 1721 677 1779 transverso
725 1716 970 1780 calamo
1019 1717 1284 1797 signum,
1333 1717 1675 1781 ambitiosa
1720 1719 1967 1782 recidet

317 1808 710 1879 ornamenta,
756 1823 979 1883 parum
1030 1802 1216 1866 claris
1263 1803 1471 1866 lucem
1518 1803 1672 1867 dare
1720 1810 1924 1885 coget,

315 1893 541 1969 arguet
587 1852 881 1968 ambigue
928 1888 1186 1967 dictum,
1233 1890 1543 1953 mutanda
1588 1891 1857 1970 notabit,

315 1972 429 2037 fiet
471 1974 896 2053 Α11313131133,
943 1996 1060 2037 333
1107 1939 1308 2038 di'cet:
1380 1997 1491 2039 cur
1538 1997 1653 2075 ego
1701 1978 1974 2039 amicum
2353 1983 2475 2036 450

319 2058 637 2123 offendam
682 2061 747 2122 13
791 2054 1039 2141 nugis?'
1089 2060 1210 2123 hae
1255 2082 1461 2143 nugae
1508 2064 1675 2125 seria
1720 2064 1957 2126 ducent

317 2146 383 2210 in
427 2146 598 2210 mala
644 2146 922 2210 derisum
969 2146 1167 2210 semel
1213 2154 1675 2230 exceptumque
1723 2149 1993 2213 sinistre.

313 2238 388 2298 ut
428 2233 600 2297 mala
646 2254 833 2314 quem
879 2234 1124 2297 33311133
1171 2240 1283 2298 331
1325 2235 1585 2298 morbus
1630 2237 1841 2316 regius
1886 2241 2115 2316 urguet

315 2324 428 2383 aut
470 2319 786 2384 fanaticus
832 2341 1010 2382 error
1055 2326 1119 2382 et
1163 2320 1473 2384 iracunda
1517 2322 1740 2399 Diana,

311 2426 614 2470 vesanum
658 2405 944 2486 tetigisse
990 2406 1218 2469 timent
1262 2406 1635 2487 fugiuntque
1682 2413 1959 2487 poetam,
2362 2414 2480 2468 455

314 2491 424 2572 (131
469 2492 753 2573 sapiunt3
800 2493 1046 2572 agitant
1089 2492 1272 2572 pueri
1316 2492 1684 2573 incautique
1731 2500 2101 2572 sequuntur.

312 2575 418 2642 1113
463 2577 612 2642 dum
659 2543 944 2641 sublimis
987 2599 1206 2640 versus
1251 2584 1541 2641 ructatur
1586 2585 1652 2641 et
1698 2587 1889 2664 31131,

315 2664 373 2728 si
416 2664 612 2727 veluti
657 2663 916 2728 merulis
961 2664 1242 2728 intentus
1290 2665 1533 2728 decidit
1578 2686 1813 2769 auceps

313 2747 379 2812 in
422 2755 683 2853 puteum
727 2749 1072 2853 foveamve‚
1117 2750 1271 2813 licet
1309 2743 1703 2814 ‘succurrite'
1751 2749 2010 2830 longum

316 2828 605 2898 clamet‘
612 2836 674 2900 io
722 2829 929 2916 cives,
975 2858 1101 2900 non
1147 2837 1231 2900 sit
1275 2838 1384 2917 qui
1428 2837 1654 2899 tollere
1702 2845 1895 2900 curet.
2357 2845 2479 2897 460

315 2922 368 2985 31
414 2927 593 2985 33131
637 2923 776 3002 quis
823 2943 1008 3003 opem
1053 2922 1220 2998 ferre
1268 2928 1333 2986 et
1377 2923 1715 2987 demittere
1762 2922 1994 2999 funem,

309 3000 444 3088 ‘qui
491 3009 633 3086 3313,
681 3029 763 3072 33
853 3009 1086 3083 1311333
1131 3009 1254 3072 1133
1301 3029 1368 3072 33
1418 3009 1723 3072 1131333111
1768 3014 1961 3088 311133

315 3094 554 3156 servari
599 3058 794 3157 nolit.
875 3094 1102 3173 dicam,
1151 3095 1472 3176 Siculique
1517 3102 1748 3176 poetae

316 3179 594 3242 narrabo
639 3181 983 3243 interitum.
1033 3180 1189 3244 deus
1235 3182 1593 3245 inmortalis
1638 3181 1864 3245 haberi

313 3265 466 3329 dum
511 3267 685 3346 cupit
729 3267 1168 3348 EmpedocleS‚
1215 3266 1545 3331 ardentem
1592 3267 1856 3348 frigidus
1904 3269 2177 3330 Aetnam
2353 3274 2475 3329 465

313 3349 572 3415 insiluit.
622 3353 704 3415 sit
749 3353 846 3417 133
890 3353 1208 3434 1133311133
1253 3353 1465 3435 perire
1510 3355 1751 3434 poetis:

314 3437 580 3500 invitum
627 3439 734 3518 qui
781 3445 1008 3517 servat,
1055 3441 1227 3503 idem
1271 3439 1429 3503 facit
1474 3440 1808 3504 occidenti.

315 3543 432 3588 nec
477 3524 672 3587 semel
717 3524 838 3589 1103
883 3525 1053 3606 fecit,
1098 3547 1235 3606 nec,
1284 3526 1337 3589 si
1381 3531 1697 3600 retractus
1744 3525 1884 3605 erit,
1930 3527 2061 3589 iam

312 3607 425 3673 fiet
466 3609 657 3674 homo
705 3616 770 3674 et
812 3617 1010 3692 ponet
1053 3611 1337 3677 famosae
1382 3612 1607 3676 mortis
1652 3632 1953 3675 amorem.

312 3715 431 3758 nec
477 3696 632 3759 satis
678 3703 964 3778 apparet,
1015 3719 1127 3761 cur
1172 3719 1390 3762 versus
1437 3698 1721 3777 factitet;
1763 3702 1977 3761 utrum
2354 3708 2472 3762 470

313 3781 611 3845 minxerit
653 3783 718 3845 in
761 3784 1005 3864 patrios
1051 3785 1315 3864 cineres,
1362 3805 1447 3848 an
1489 3784 1673 3848 triste
1724 3783 2013 3848 bidental

349 3935 584 3976 Horatius·
1587 3925 1591 3928 ’
2052 3932 2116 3980 16
