<?xml version="1.0" encoding="UTF-8"?>
<!DOCTYPE html PUBLIC "-//W3C//DTD XHTML 1.0 Transitional//EN"
    "http://www.w3.org/TR/xhtml1/DTD/xhtml1-transitional.dtd">
<html xmlns="http://www.w3.org/1999/xhtml" xml:lang="en" lang="en">
 <head>
  <title>
</title>
<meta http-equiv="Content-Type" content="text/html;charset=utf-8" />
  <meta name='ocr-system' content='tesseract 3.04.00' />
  <meta name='ocr-capabilities' content='ocr_page ocr_carea ocr_par ocr_line ocrx_word'/>
</head>
<body>
  <div class='ocr_page' id='page_1' title='image "./qhoratiiflaccic00petsgoog_0110.png"; bbox 0 0 2784 4319; ppageno 0'>
   <div class='ocr_carea' id='block_1_1' title="bbox 504 230 588 291">
    <p class='ocr_par' dir='ltr' id='par_1_1' title="bbox 504 230 588 291">
     <span class='ocr_line' id='line_1_1' title="bbox 504 230 588 291; baseline 0.036 -3"><span class='ocrx_word' id='word_1_1' title='bbox 504 230 588 291; x_wconf 80' lang='lat'>78</span> 
     </span>
    </p>
   </div>
   <div class='ocr_carea' id='block_1_2' title="bbox 405 626 488 681">
    <p class='ocr_par' dir='ltr' id='par_1_2' title="bbox 405 626 488 681">
     <span class='ocr_line' id='line_1_2' title="bbox 405 626 488 681; baseline -0.024 0"><span class='ocrx_word' id='word_1_2' title='bbox 405 626 488 681; x_wconf 83' lang='lat'>60</span> 
     </span>
    </p>
   </div>
   <div class='ocr_carea' id='block_1_3' title="bbox 419 1834 498 1891">
    <p class='ocr_par' dir='ltr' id='par_1_3' title="bbox 419 1834 498 1891">
     <span class='ocr_line' id='line_1_3' title="bbox 419 1834 498 1891; baseline -0.051 0"><span class='ocrx_word' id='word_1_3' title='bbox 419 1834 498 1891; x_wconf 85' lang='lat'>10</span> 
     </span>
    </p>
   </div>
   <div class='ocr_carea' id='block_1_4' title="bbox 421 2297 502 2356">
    <p class='ocr_par' dir='ltr' id='par_1_4' title="bbox 421 2297 502 2356">
     <span class='ocr_line' id='line_1_4' title="bbox 421 2297 502 2356; baseline -0.049 0"><span class='ocrx_word' id='word_1_4' title='bbox 421 2297 502 2356; x_wconf 78' lang='lat'>1⁵</span> 
     </span>
    </p>
   </div>
   <div class='ocr_carea' id='block_1_5' title="bbox 423 2761 508 2816">
    <p class='ocr_par' dir='ltr' id='par_1_5' title="bbox 423 2761 508 2816">
     <span class='ocr_line' id='line_1_5' title="bbox 423 2761 508 2816; baseline 0.024 -2"><span class='ocrx_word' id='word_1_5' title='bbox 423 2761 508 2816; x_wconf 80' lang='lat'>20</span> 
     </span>
    </p>
   </div>
   <div class='ocr_carea' id='block_1_6' title="bbox 1294 226 1995 278">
    <p class='ocr_par' dir='ltr' id='par_1_6' title="bbox 1294 226 1995 278">
     <span class='ocr_line' id='line_1_6' title="bbox 1294 226 1995 278; baseline -0.001 0"><span class='ocrx_word' id='word_1_6' title='bbox 1294 227 1574 278; x_wconf 73' lang='lat' dir='ltr'><strong>HORATI</strong></span> <span class='ocrx_word' id='word_1_7' title='bbox 1610 226 1995 278; x_wconf 62' lang='lat' dir='ltr'>cummuni</span> 
     </span>
    </p>
   </div>
   <div class='ocr_carea' id='block_1_7' title="bbox 1021 363 2197 685">
    <p class='ocr_par' dir='ltr' id='par_1_7' title="bbox 1021 363 2131 445">
     <span class='ocr_line' id='line_1_7' title="bbox 1021 363 2131 445; baseline -0.002 -16"><span class='ocrx_word' id='word_1_8' title='bbox 1021 364 1232 429; x_wconf 86' lang='lat' dir='ltr'>fronte</span> <span class='ocrx_word' id='word_1_9' title='bbox 1277 367 1574 429; x_wconf 82' lang='lat' dir='ltr'>curvatos</span> <span class='ocrx_word' id='word_1_10' title='bbox 1617 363 1905 429; x_wconf 86' lang='lat' dir='ltr'>imitatus</span> <span class='ocrx_word' id='word_1_11' title='bbox 1948 364 2131 445; x_wconf 87' lang='lat' dir='ltr'>ignes</span> 
     </span>
    </p>

    <p class='ocr_par' dir='ltr' id='par_1_8' title="bbox 1021 448 2179 523">
     <span class='ocr_line' id='line_1_8' title="bbox 1021 448 2179 523; baseline 0 -10"><span class='ocrx_word' id='word_1_12' title='bbox 1021 450 1286 513; x_wconf 87' lang='lat' dir='ltr'>tertium</span> <span class='ocrx_word' id='word_1_13' title='bbox 1328 448 1521 515; x_wconf 86' lang='lat' dir='ltr'>lunae</span> <span class='ocrx_word' id='word_1_14' title='bbox 1563 448 1901 514; x_wconf 86' lang='lat' dir='ltr'>referentis</span> <span class='ocrx_word' id='word_1_15' title='bbox 1947 454 2179 523; x_wconf 79' lang='lat' dir='ltr'>ortum,</span> 
     </span>
    </p>

    <p class='ocr_par' dir='ltr' id='par_1_9' title="bbox 1021 534 2197 685">
     <span class='ocr_line' id='line_1_9' title="bbox 1021 534 2197 619; baseline 0 -20"><span class='ocrx_word' id='word_1_16' title='bbox 1021 554 1153 619; x_wconf 82' lang='lat' dir='ltr'>qua</span> <span class='ocrx_word' id='word_1_17' title='bbox 1195 539 1417 598; x_wconf 91' lang='lat' dir='ltr'>notam</span> <span class='ocrx_word' id='word_1_18' title='bbox 1462 534 1664 615; x_wconf 81' lang='lat' dir='ltr'>duxit,</span> <span class='ocrx_word' id='word_1_19' title='bbox 1707 536 1930 600; x_wconf 85' lang='lat' dir='ltr'>niveus</span> <span class='ocrx_word' id='word_1_20' title='bbox 1973 534 2197 616; x_wconf 84' lang='lat' dir='ltr'>videri,</span> 
     </span>
     <span class='ocr_line' id='line_1_10' title="bbox 1196 620 1683 685; baseline 0.004 -2"><span class='ocrx_word' id='word_1_21' title='bbox 1196 627 1413 684; x_wconf 85' lang='lat' dir='ltr'>cetera</span> <span class='ocrx_word' id='word_1_22' title='bbox 1456 620 1683 685; x_wconf 86' lang='lat' dir='ltr'>fulvus.</span> 
     </span>
    </p>
   </div>
   <div class='ocr_carea' id='block_1_8' title="bbox 1486 813 1610 887">
    <p class='ocr_par' dir='ltr' id='par_1_10' title="bbox 1486 813 1610 887">
     <span class='ocr_line' id='line_1_11' title="bbox 1486 813 1610 887; baseline 0.032 -4"><span class='ocrx_word' id='word_1_23' title='bbox 1486 813 1610 887; x_wconf 89' lang='lat'>111.</span> 
     </span>
    </p>
   </div>
   <div class='ocr_carea' id='block_1_9' title="bbox 818 957 2247 1228">
    <p class='ocr_par' dir='ltr' id='par_1_11' title="bbox 818 957 2247 1228">
     <span class='ocr_line' id='line_1_12' title="bbox 820 957 1870 1072; baseline -0.004 -13"><span class='ocrx_word' id='word_1_24' title='bbox 820 990 1022 1069; x_wconf 82' lang='lat' dir='ltr'>Quem</span> <span class='ocrx_word' id='word_1_25' title='bbox 1065 994 1157 1070; x_wconf 85' lang='lat' dir='ltr'>tu,</span> <span class='ocrx_word' id='word_1_26' title='bbox 1201 988 1624 1072; x_wconf 81' lang='lat' dir='ltr'>Melpomene,</span> <span class='ocrx_word' id='word_1_27' title='bbox 1670 957 1870 1055; x_wconf 84' lang='lat' dir='ltr'>semel</span> 
     </span>
     <span class='ocr_line' id='line_1_13' title="bbox 991 1075 2247 1159; baseline 0.001 -18"><span class='ocrx_word' id='word_1_28' title='bbox 991 1082 1364 1142; x_wconf 88' lang='lat' dir='ltr'>nascentem</span> <span class='ocrx_word' id='word_1_29' title='bbox 1405 1075 1663 1159; x_wconf 90' lang='lat' dir='ltr'>placido</span> <span class='ocrx_word' id='word_1_30' title='bbox 1707 1076 1947 1142; x_wconf 87' lang='lat' dir='ltr'>lumine</span> <span class='ocrx_word' id='word_1_31' title='bbox 1990 1076 2247 1159; x_wconf 79' lang='lat' dir='ltr'>videris,</span> 
     </span>
     <span class='ocr_line' id='line_1_14' title="bbox 818 1160 1749 1228; baseline 0 -1"><span class='ocrx_word' id='word_1_32' title='bbox 818 1160 1002 1227; x_wconf 86' lang='lat' dir='ltr'>illum</span> <span class='ocrx_word' id='word_1_33' title='bbox 1044 1183 1175 1228; x_wconf 92' lang='lat' dir='ltr'>non</span> <span class='ocrx_word' id='word_1_34' title='bbox 1215 1162 1405 1227; x_wconf 84' lang='lat' dir='ltr'>labor</span> <span class='ocrx_word' id='word_1_35' title='bbox 1444 1160 1749 1227; x_wconf 79' lang='lat' dir='ltr'><strong>Isthmius</strong></span> 
     </span>
    </p>
   </div>
   <div class='ocr_carea' id='block_1_10' title="bbox 995 1246 2329 1333">
    <p class='ocr_par' dir='ltr' id='par_1_12' title="bbox 995 1246 2329 1333">
     <span class='ocr_line' id='line_1_15' title="bbox 995 1246 2329 1333; baseline -0.001 -20"><span class='ocrx_word' id='word_1_36' title='bbox 995 1247 1270 1313; x_wconf 86' lang='lat' dir='ltr'>clarabit</span> <span class='ocrx_word' id='word_1_37' title='bbox 1311 1246 1613 1331; x_wconf 86' lang='lat' dir='ltr'>pugilem,</span> <span class='ocrx_word' id='word_1_38' title='bbox 1657 1268 1788 1313; x_wconf 92' lang='lat' dir='ltr'>non</span> <span class='ocrx_word' id='word_1_39' title='bbox 1832 1268 2033 1330; x_wconf 88' lang='lat' dir='ltr'>equus</span> <span class='ocrx_word' id='word_1_40' title='bbox 2075 1248 2329 1333; x_wconf 82' lang='lat' dir='ltr'>inpiger</span> 
     </span>
    </p>
   </div>
   <div class='ocr_carea' id='block_1_11' title="bbox 822 1366 2446 1709">
    <p class='ocr_par' dir='ltr' id='par_1_13' title="bbox 822 1366 1579 1434">
     <span class='ocr_line' id='line_1_16' title="bbox 822 1366 1579 1434; baseline -0.003 0"><span class='ocrx_word' id='word_1_41' title='bbox 822 1390 1015 1434; x_wconf 87' lang='lat' dir='ltr'>curru</span> <span class='ocrx_word' id='word_1_42' title='bbox 1058 1368 1255 1433; x_wconf 84' lang='lat' dir='ltr'>ducet</span> <span class='ocrx_word' id='word_1_43' title='bbox 1293 1366 1579 1433; x_wconf 84' lang='lat' dir='ltr'>Achaico</span> 
     </span>
    </p>

    <p class='ocr_par' dir='ltr' id='par_1_14' title="bbox 826 1452 2244 1619">
     <span class='ocr_line' id='line_1_17' title="bbox 994 1452 2244 1535; baseline -0.001 -17"><span class='ocrx_word' id='word_1_44' title='bbox 994 1454 1323 1534; x_wconf 60' lang='lat' dir='ltr'>victorem,</span> <span class='ocrx_word' id='word_1_45' title='bbox 1365 1473 1575 1535; x_wconf 89' lang='lat' dir='ltr'>neque</span> <span class='ocrx_word' id='word_1_46' title='bbox 1618 1474 1724 1519; x_wconf 87' lang='lat' dir='ltr'>res</span> <span class='ocrx_word' id='word_1_47' title='bbox 1765 1452 2000 1519; x_wconf 80' lang='lat' dir='ltr'>bellica</span> <span class='ocrx_word' id='word_1_48' title='bbox 2040 1452 2244 1518; x_wconf 90' lang='lat' dir='ltr'>Deliis</span> 
     </span>
     <span class='ocr_line' id='line_1_18' title="bbox 826 1538 1636 1619; baseline -0.002 -14"><span class='ocrx_word' id='word_1_49' title='bbox 826 1546 1126 1605; x_wconf 88' lang='lat' dir='ltr'>ornatum</span> <span class='ocrx_word' id='word_1_50' title='bbox 1169 1538 1341 1605; x_wconf 86' lang='lat' dir='ltr'>foliis</span> <span class='ocrx_word' id='word_1_51' title='bbox 1386 1539 1636 1619; x_wconf 85' lang='lat' dir='ltr'>ducem,</span> 
     </span>
    </p>

    <p class='ocr_par' dir='ltr' id='par_1_15' title="bbox 997 1624 2446 1709">
     <span class='ocr_line' id='line_1_19' title="bbox 997 1624 2446 1709; baseline -0.001 -19"><span class='ocrx_word' id='word_1_52' title='bbox 997 1625 1173 1709; x_wconf 90' lang='lat' dir='ltr'>quod</span> <span class='ocrx_word' id='word_1_53' title='bbox 1215 1645 1440 1707; x_wconf 87' lang='lat' dir='ltr'>regum</span> <span class='ocrx_word' id='word_1_54' title='bbox 1483 1624 1764 1691; x_wconf 86' lang='lat' dir='ltr'>tumidas</span> <span class='ocrx_word' id='word_1_55' title='bbox 1810 1625 2177 1689; x_wconf 88' lang='lat' dir='ltr'>contuderit</span> <span class='ocrx_word' id='word_1_56' title='bbox 2218 1625 2446 1706; x_wconf 87' lang='lat' dir='ltr'>minas,</span> 
     </span>
    </p>
   </div>
   <div class='ocr_carea' id='block_1_12' title="bbox 828 1743 2465 2087">
    <p class='ocr_par' dir='ltr' id='par_1_16' title="bbox 828 1743 1526 1828">
     <span class='ocr_line' id='line_1_20' title="bbox 828 1743 1526 1828; baseline -0.004 -15"><span class='ocrx_word' id='word_1_57' title='bbox 828 1746 1129 1813; x_wconf 89' lang='lat' dir='ltr'>ostendet</span> <span class='ocrx_word' id='word_1_58' title='bbox 1172 1743 1526 1828; x_wconf 83' lang='lat' dir='ltr'>Capitolio:</span> 
     </span>
    </p>

    <p class='ocr_par' dir='ltr' id='par_1_17' title="bbox 829 1828 2465 2002">
     <span class='ocr_line' id='line_1_21' title="bbox 999 1828 2465 1914; baseline -0.002 -17"><span class='ocrx_word' id='word_1_59' title='bbox 999 1832 1117 1897; x_wconf 85' lang='lat' dir='ltr'>sod</span> <span class='ocrx_word' id='word_1_60' title='bbox 1152 1852 1318 1914; x_wconf 87' lang='lat' dir='ltr'>quae</span> <span class='ocrx_word' id='word_1_61' title='bbox 1356 1830 1555 1895; x_wconf 90' lang='lat' dir='ltr'><strong>Tibur</strong></span> <span class='ocrx_word' id='word_1_62' title='bbox 1591 1851 1798 1913; x_wconf 87' lang='lat' dir='ltr'>aquae</span> <span class='ocrx_word' id='word_1_63' title='bbox 1835 1830 2048 1895; x_wconf 81' lang='lat' dir='ltr'>fertile</span> <span class='ocrx_word' id='word_1_64' title='bbox 2084 1828 2465 1913; x_wconf 87' lang='lat' dir='ltr'>praefluunt,</span> 
     </span>
     <span class='ocr_line' id='line_1_22' title="bbox 829 1918 1829 2002; baseline -0.002 -19"><span class='ocrx_word' id='word_1_65' title='bbox 829 1924 897 1984; x_wconf 90' lang='lat' dir='ltr'>et</span> <span class='ocrx_word' id='word_1_66' title='bbox 938 1918 1184 2002; x_wconf 78' lang='lat' dir='ltr'>spissae</span> <span class='ocrx_word' id='word_1_67' title='bbox 1228 1937 1562 1982; x_wconf 89' lang='lat' dir='ltr'>nemorum</span> <span class='ocrx_word' id='word_1_68' title='bbox 1606 1937 1829 1982; x_wconf 84' lang='lat' dir='ltr'>comae</span> 
     </span>
    </p>

    <p class='ocr_par' dir='ltr' id='par_1_18' title="bbox 998 2000 2184 2087">
     <span class='ocr_line' id='line_1_23' title="bbox 998 2000 2184 2087; baseline -0.002 -18"><span class='ocrx_word' id='word_1_69' title='bbox 998 2002 1244 2087; x_wconf 82' lang='lat' dir='ltr'>fingent</span> <span class='ocrx_word' id='word_1_70' title='bbox 1285 2002 1511 2066; x_wconf 89' lang='lat' dir='ltr'>Aeolio</span> <span class='ocrx_word' id='word_1_71' title='bbox 1558 2003 1840 2067; x_wconf 87' lang='lat' dir='ltr'>carmine</span> <span class='ocrx_word' id='word_1_72' title='bbox 1882 2000 2184 2068; x_wconf 77' lang='lat' dir='ltr'>nobilem.</span> 
     </span>
    </p>
   </div>
   <div class='ocr_carea' id='block_1_13' title="bbox 786 2121 1758 2207">
    <p class='ocr_par' dir='ltr' id='par_1_19' title="bbox 786 2121 1758 2207">
     <span class='ocr_line' id='line_1_24' title="bbox 786 2121 1758 2207; baseline -0.005 -16"><span class='ocrx_word' id='word_1_73' title='bbox 786 2126 796 2131; x_wconf 82' lang='grc'><strong>’</strong></span> <span class='ocrx_word' id='word_1_74' title='bbox 827 2124 1090 2204; x_wconf 86' lang='lat' dir='ltr'>Romae,</span> <span class='ocrx_word' id='word_1_75' title='bbox 1134 2123 1441 2207; x_wconf 87' lang='lat' dir='ltr'>principis</span> <span class='ocrx_word' id='word_1_76' title='bbox 1484 2121 1758 2201; x_wconf 87' lang='lat' dir='ltr'>urbium,</span> 
     </span>
    </p>
   </div>
   <div class='ocr_carea' id='block_1_14' title="bbox 828 2207 2355 2468">
    <p class='ocr_par' dir='ltr' id='par_1_20' title="bbox 828 2207 2355 2468">
     <span class='ocr_line' id='line_1_25' title="bbox 1003 2207 2173 2292; baseline -0.001 -18"><span class='ocrx_word' id='word_1_77' title='bbox 1003 2210 1308 2292; x_wconf 79' lang='lat' dir='ltr'>dignatur</span> <span class='ocrx_word' id='word_1_78' title='bbox 1349 2208 1607 2275; x_wconf 80' lang='lat' dir='ltr'>suboles</span> <span class='ocrx_word' id='word_1_79' title='bbox 1650 2209 1821 2272; x_wconf 90' lang='lat' dir='ltr'>inter</span> <span class='ocrx_word' id='word_1_80' title='bbox 1863 2207 2173 2274; x_wconf 84' lang='lat' dir='ltr'>amabiles</span> 
     </span>
     <span class='ocr_line' id='line_1_26' title="bbox 828 2294 1771 2377; baseline -0.002 -17"><span class='ocrx_word' id='word_1_81' title='bbox 828 2302 1049 2362; x_wconf 78' lang='lat' dir='ltr'>vatum</span> <span class='ocrx_word' id='word_1_82' title='bbox 1091 2315 1332 2377; x_wconf 89' lang='lat' dir='ltr'>ponere</span> <span class='ocrx_word' id='word_1_83' title='bbox 1374 2315 1480 2359; x_wconf 91' lang='lat' dir='ltr'>me</span> <span class='ocrx_word' id='word_1_84' title='bbox 1525 2294 1771 2373; x_wconf 87' lang='lat' dir='ltr'>choros,</span> 
     </span>
     <span class='ocr_line' id='line_1_27' title="bbox 1005 2379 2355 2468; baseline -0.001 -22"><span class='ocrx_word' id='word_1_85' title='bbox 1005 2387 1072 2446; x_wconf 89' lang='lat' dir='ltr'>et</span> <span class='ocrx_word' id='word_1_86' title='bbox 1114 2383 1246 2446; x_wconf 90' lang='lat' dir='ltr'>iam</span> <span class='ocrx_word' id='word_1_87' title='bbox 1289 2380 1482 2446; x_wconf 87' lang='lat' dir='ltr'>dente</span> <span class='ocrx_word' id='word_1_88' title='bbox 1527 2380 1735 2444; x_wconf 89' lang='lat' dir='ltr'>minus</span> <span class='ocrx_word' id='word_1_89' title='bbox 1778 2379 2079 2444; x_wconf 89' lang='lat' dir='ltr'>mordeor</span> <span class='ocrx_word' id='word_1_90' title='bbox 2120 2380 2355 2468; x_wconf 81' lang='lat' dir='ltr'>¹mvido.</span> 
     </span>
    </p>
   </div>
   <div class='ocr_carea' id='block_1_15' title="bbox 835 2501 2479 2842">
    <p class='ocr_par' dir='ltr' id='par_1_21' title="bbox 835 2501 1543 2567">
     <span class='ocr_line' id='line_1_28' title="bbox 835 2501 1543 2567; baseline -0.004 0"><span class='ocrx_word' id='word_1_91' title='bbox 835 2521 874 2566; x_wconf 92' lang='lat' dir='ltr'>o</span> <span class='ocrx_word' id='word_1_92' title='bbox 916 2501 1261 2567; x_wconf 85' lang='lat' dir='ltr'>testudinis</span> <span class='ocrx_word' id='word_1_93' title='bbox 1305 2519 1543 2565; x_wconf 84' lang='lat' dir='ltr'>aureae</span> 
     </span>
    </p>

    <p class='ocr_par' dir='ltr' id='par_1_22' title="bbox 836 2585 2479 2756">
     <span class='ocr_line' id='line_1_29' title="bbox 1006 2585 2479 2669; baseline -0.003 -17"><span class='ocrx_word' id='word_1_94' title='bbox 1006 2585 1260 2652; x_wconf 84' lang='lat' dir='ltr'>dulcem</span> <span class='ocrx_word' id='word_1_95' title='bbox 1303 2607 1470 2669; x_wconf 88' lang='lat' dir='ltr'>quae</span> <span class='ocrx_word' id='word_1_96' title='bbox 1514 2586 1872 2668; x_wconf 85' lang='lat' dir='ltr'>strepitum,</span> <span class='ocrx_word' id='word_1_97' title='bbox 1908 2585 2099 2667; x_wconf 88' lang='lat' dir='ltr'>Pieri,</span> <span class='ocrx_word' id='word_1_98' title='bbox 2143 2591 2479 2669; x_wconf 74' lang='lat' dir='ltr'>temperaS,</span> 
     </span>
     <span class='ocr_line' id='line_1_30' title="bbox 836 2671 1739 2756; baseline -0.002 -18"><span class='ocrx_word' id='word_1_99' title='bbox 836 2694 874 2738; x_wconf 94' lang='lat' dir='ltr'>o</span> <span class='ocrx_word' id='word_1_100' title='bbox 919 2673 1112 2738; x_wconf 87' lang='lat' dir='ltr'>mutis</span> <span class='ocrx_word' id='word_1_101' title='bbox 1157 2693 1413 2755; x_wconf 89' lang='lat' dir='ltr'>quoque</span> <span class='ocrx_word' id='word_1_102' title='bbox 1454 2671 1739 2756; x_wconf 88' lang='lat' dir='ltr'>piscibus</span> 
     </span>
    </p>

    <p class='ocr_par' dir='ltr' id='par_1_23' title="bbox 1009 2757 2227 2842">
     <span class='ocr_line' id='line_1_31' title="bbox 1009 2757 2227 2842; baseline -0.002 -19"><span class='ocrx_word' id='word_1_103' title='bbox 1009 2759 1328 2823; x_wconf 86' lang='lat' dir='ltr'>donatura</span> <span class='ocrx_word' id='word_1_104' title='bbox 1371 2758 1572 2842; x_wconf 81' lang='lat' dir='ltr'>cycni,</span> <span class='ocrx_word' id='word_1_105' title='bbox 1618 2758 1673 2822; x_wconf 91' lang='lat' dir='ltr'>si</span> <span class='ocrx_word' id='word_1_106' title='bbox 1714 2757 1934 2837; x_wconf 89' lang='lat' dir='ltr'>libeat,</span> <span class='ocrx_word' id='word_1_107' title='bbox 1981 2777 2227 2837; x_wconf 89' lang='lat' dir='ltr'>sonum,</span> 
     </span>
    </p>
   </div>
   <div class='ocr_carea' id='block_1_16' title="bbox 835 2877 2481 3218">
    <p class='ocr_par' dir='ltr' id='par_1_24' title="bbox 835 2877 1838 2956">
     <span class='ocr_line' id='line_1_32' title="bbox 835 2877 1838 2956; baseline -0.004 -12"><span class='ocrx_word' id='word_1_108' title='bbox 835 2884 1046 2944; x_wconf 82' lang='lat' dir='ltr'>totum</span> <span class='ocrx_word' id='word_1_109' title='bbox 1087 2878 1368 2942; x_wconf 88' lang='lat' dir='ltr'>muneris</span> <span class='ocrx_word' id='word_1_110' title='bbox 1412 2877 1537 2942; x_wconf 90' lang='lat' dir='ltr'>hoc</span> <span class='ocrx_word' id='word_1_111' title='bbox 1578 2877 1677 2941; x_wconf 89' lang='lat' dir='ltr'>tui</span> <span class='ocrx_word' id='word_1_112' title='bbox 1722 2882 1838 2956; x_wconf 89' lang='lat' dir='ltr'>est,</span> 
     </span>
    </p>

    <p class='ocr_par' dir='ltr' id='par_1_25' title="bbox 837 2962 2379 3132">
     <span class='ocr_line' id='line_1_33' title="bbox 1009 2962 2379 3047; baseline -0.001 -21"><span class='ocrx_word' id='word_1_113' title='bbox 1009 2963 1182 3047; x_wconf 90' lang='lat' dir='ltr'>quod</span> <span class='ocrx_word' id='word_1_114' title='bbox 1225 2967 1550 3028; x_wconf 83' lang='lat' dir='ltr'>monstror</span> <span class='ocrx_word' id='word_1_115' title='bbox 1592 2963 1791 3045; x_wconf 87' lang='lat' dir='ltr'>digito</span> <span class='ocrx_word' id='word_1_116' title='bbox 1836 2962 2379 3045; x_wconf 83' lang='lat' dir='ltr'>praetereuntium</span> 
     </span>
     <span class='ocr_line' id='line_1_34' title="bbox 837 3046 1695 3132; baseline -0.002 -18"><span class='ocrx_word' id='word_1_117' title='bbox 837 3049 1165 3114; x_wconf 83' lang='lat' dir='ltr'>Romanae</span> <span class='ocrx_word' id='word_1_118' title='bbox 1207 3046 1445 3113; x_wconf 90' lang='lat' dir='ltr'>fidicen</span> <span class='ocrx_word' id='word_1_119' title='bbox 1486 3048 1695 3132; x_wconf 81' lang='lat' dir='ltr'>lyrae:</span> 
     </span>
    </p>

    <p class='ocr_par' dir='ltr' id='par_1_26' title="bbox 1011 3133 2481 3218">
     <span class='ocr_line' id='line_1_35' title="bbox 1011 3133 2481 3218; baseline -0.003 -20"><span class='ocrx_word' id='word_1_120' title='bbox 1011 3134 1184 3218; x_wconf 89' lang='lat' dir='ltr'>quod</span> <span class='ocrx_word' id='word_1_121' title='bbox 1221 3134 1395 3217; x_wconf 89' lang='lat' dir='ltr'>spiro</span> <span class='ocrx_word' id='word_1_122' title='bbox 1427 3138 1495 3198; x_wconf 86' lang='lat' dir='ltr'>et</span> <span class='ocrx_word' id='word_1_123' title='bbox 1514 3134 1761 3217; x_wconf 86' lang='lat' dir='ltr'>placeo,</span> <span class='ocrx_word' id='word_1_124' title='bbox 1792 3134 1847 3200; x_wconf 86' lang='lat' dir='ltr'>si</span> <span class='ocrx_word' id='word_1_125' title='bbox 1874 3133 2121 3217; x_wconf 87' lang='lat' dir='ltr'>place0,</span> <span class='ocrx_word' id='word_1_126' title='bbox 2152 3137 2333 3199; x_wconf 87' lang='lat' dir='ltr'>tuum</span> <span class='ocrx_word' id='word_1_127' title='bbox 2369 3136 2481 3194; x_wconf 86' lang='lat' dir='ltr'>est.</span> 
     </span>
    </p>
   </div>
   <div class='ocr_carea' id='block_1_17' title="bbox 1496 3340 1626 3414">
    <p class='ocr_par' dir='ltr' id='par_1_27' title="bbox 1496 3340 1626 3414">
     <span class='ocr_line' id='line_1_36' title="bbox 1496 3340 1626 3414; baseline 0.015 -2"><span class='ocrx_word' id='word_1_128' title='bbox 1496 3340 1626 3414; x_wconf 93' lang='lat' dir='ltr'>IV.</span> 
     </span>
    </p>
   </div>
   <div class='ocr_carea' id='block_1_18' title="bbox 845 3507 2269 3852">
    <p class='ocr_par' dir='ltr' id='par_1_28' title="bbox 845 3507 2269 3852">
     <span class='ocr_line' id='line_1_37' title="bbox 845 3507 2227 3590; baseline -0.001 -15"><span class='ocrx_word' id='word_1_129' title='bbox 845 3510 1113 3588; x_wconf 80' lang='lat' dir='ltr'>Qualem</span> <span class='ocrx_word' id='word_1_130' title='bbox 1155 3512 1519 3576; x_wconf 89' lang='lat' dir='ltr'>ministrum</span> <span class='ocrx_word' id='word_1_131' title='bbox 1562 3510 1841 3575; x_wconf 85' lang='lat' dir='ltr'>fulminis</span> <span class='ocrx_word' id='word_1_132' title='bbox 1886 3510 2125 3590; x_wconf 86' lang='lat' dir='ltr'>alitem,</span> <span class='ocrx_word' id='word_1_133' title='bbox 2216 3507 2227 3518; x_wconf 85' lang='lat'>&#39;</span> 
     </span>
     <span class='ocr_line' id='line_1_38' title="bbox 846 3597 2269 3680; baseline -0.001 -18"><span class='ocrx_word' id='word_1_134' title='bbox 846 3599 950 3663; x_wconf 91' lang='lat' dir='ltr'>cui</span> <span class='ocrx_word' id='word_1_135' title='bbox 991 3617 1106 3662; x_wconf 86' lang='lat' dir='ltr'>rex</span> <span class='ocrx_word' id='word_1_136' title='bbox 1151 3599 1419 3661; x_wconf 89' lang='lat' dir='ltr'>deorum</span> <span class='ocrx_word' id='word_1_137' title='bbox 1460 3617 1728 3678; x_wconf 87' lang='lat' dir='ltr'>regnum</span> <span class='ocrx_word' id='word_1_138' title='bbox 1771 3597 1838 3660; x_wconf 91' lang='lat' dir='ltr'>in</span> <span class='ocrx_word' id='word_1_139' title='bbox 1882 3617 2031 3660; x_wconf 84' lang='lat' dir='ltr'>aves</span> <span class='ocrx_word' id='word_1_140' title='bbox 2076 3617 2269 3680; x_wconf 81' lang='lat' dir='ltr'>vagas</span> 
     </span>
     <span class='ocr_line' id='line_1_39' title="bbox 901 3681 1872 3780; baseline -0.002 -32.936"><span class='ocrx_word' id='word_1_141' title='bbox 901 3684 1226 3766; x_wconf 87' lang='lat' dir='ltr'>permisit</span> <span class='ocrx_word' id='word_1_142' title='bbox 1271 3687 1571 3780; x_wconf 85' lang='lat' dir='ltr'>expertus</span> <span class='ocrx_word' id='word_1_143' title='bbox 1613 3681 1872 3746; x_wconf 89' lang='lat' dir='ltr'>fidelem</span> 
     </span>
     <span class='ocr_line' id='line_1_40' title="bbox 1019 3765 2055 3852; baseline 0 -20"><span class='ocrx_word' id='word_1_144' title='bbox 1019 3767 1309 3851; x_wconf 88' lang='lat' dir='ltr'>Iuppiter</span> <span class='ocrx_word' id='word_1_145' title='bbox 1349 3770 1416 3831; x_wconf 92' lang='lat' dir='ltr'>in</span> <span class='ocrx_word' id='word_1_146' title='bbox 1462 3767 1828 3852; x_wconf 79' lang='lat' dir='ltr'>Ganymede</span> <span class='ocrx_word' id='word_1_147' title='bbox 1870 3765 2055 3847; x_wconf 74' lang='lat' dir='ltr'>flam,</span> 
     </span>
    </p>
   </div>
  </div>
 </body>
</html>
