2784 4319
995 282 1130 333 Lm.
1165 281 1210 331 Ι.
1245 287 1407 328 ιιι-ν
1455 286 1457 288 ’

1145 509 1149 514 ’
1189 555 1317 628 iv.

250 708 556 774 Solvitur
600 707 766 773 acris
808 707 1058 789 hiemps
1103 714 1287 790 grata
1328 708 1466 772 vice
1510 708 1676 772 veris
1722 713 1789 772 et
1828 707 2085 789 Favoni,

444 791 836 876 trahuntque
883 794 1086 857 siccas
1129 793 1463 858 machinae
1510 796 1778 874 carinaS‚

255 902 348 945 ac
393 900 608 961 neque
651 881 782 944 iam
825 877 1093 944 stabulis
1139 879 1378 962 gaudet
1419 899 1615 960 pecus
1660 884 1772 944 aut
1814 886 2031 944 arat-or
2072 877 2226 962 igni⁷

447 986 570 1054 nec
611 970 802 1048 prata
847 964 1024 1029 canis
1069 963 1351 1028 albicant
1394 964 1657 1046 pruinis.

255 1088 406 1150 iam
453 1084 767 1168 Cytherea
811 1084 1040 1149 choros
1085 1084 1262 1149 ducit
1302 1084 1519 1149 Venus
1562 1085 1911 1148 inminente
1954 1085 2125 1164 luna,

450 1172 831 1252 iunctaeque
873 1169 1183 1268 Nymphis
1229 1168 1493 1234 Gratiae
1538 1169 1837 1234 decentes

261 1257 528 1322 alterno
572 1262 812 1320 terram
857 1256 1153 1338 quatiunt
1193 1257 1379 1338 pede,
1415 1257 1577 1320 dum
1623 1275 1845 1338 graves
1892 1253 2234 1350 Cyclopum

450 1341 773 1410 Volcanus
817 1340 1049 1406 ardens
1092 1341 1224 1405 urit
1266 1339 1572 1406 officinas,

263 1482 449 1527 nunc
492 1461 682 1526 decet
723 1467 838 1526 aut
877 1461 1065 1525 viridi
1108 1461 1381 1525 nitidum
1428 1466 1622 1543 caput
1664 1451 1949 1543 inpedire
1994 1466 2220 1544 myrtO,

455 1552 569 1612 aut
609 1546 789 1627 flore,
831 1551 1045 1612 terrae
1091 1568 1279 1629 quem
1305 1547 1539 1610 ·ferunt
1571 1546 1864 1626 solutae3

265 1653 450 1698 nunc
495 1638 560 1697 et
601 1633 668 1696 in
710 1632 1028 1698 umbrosis
1072 1633 1291 1697 Fauno
1339 1633 1527 1696 decet
1567 1632 1875 1696 inmolare
1918 1631 2097 1712 lucis,

455 1739 568 1783 seu
609 1724 838 1800 poscat
881 1739 1048 1801 agna
1092 1721 1222 1783 sive
1267 1719 1451 1782 malit
1492 1718 1720 1784 haedo,

265 1839 526 1923 pallida
559 1837 739 1902 Mors
785 1857 989 1921 aequo
1033 1838 1249 1920 pulsat
1289 1839 1456 1920 pede
1499 1859 1851 1921 pauperum
1894 1837 2195 1903 tabernas

455 1944 801 2006 regumque
845 1929 1072 1988 turres,
1120 1944 1157 1988 o
1202 1924 1392 1988 beate
1439 1922 1626 2002 Sesti,

265 2013 452 2077 vitae
498 2029 746 2074 summa
785 2010 997 2074 brevis
1043 2031 1221 2092 spem
1265 2031 1382 2073 nos
1427 2015 1603 2073 vetat
1646 2009 1946 2074 inchoare
1989 2009 2263 2098 longam.
2332 2083 2334 2086 Α

454 2096 584 2159 iam
626 2100 694 2161 te
736 2117 816 2179 pi
817 2102 988 2161 emet
1028 2115 1159 2161 nox
1200 2095 1583 2178 fabulaeque
1625 2094 1847 2161 Manes

263 2223 347 2283 et
393 2216 622 2280 domus
667 2216 849 2281 exilis
892 2216 1222 2280 Plutonia:
1269 2237 1395 2298 quo
1442 2216 1629 2281 simul
1671 2216 1923 2297 mearis‚

456 2322 576 2365 nec
619 2322 819 2384 regna
861 2302 989 2365 vini
1034 2302 1300 2365 sortiere
1345 2302 1514 2381 talis,

263 2408 403 2455 nec
450 2393 740 2451 tenerum
783 2386 1068 2471 Lycidan
1113 2387 1448 2466 mirabere,
1496 2408 1620 2469 quo
1668 2388 1835 2451 calet
1876 2388 2171 2452 iuventus

458 2493 624 2536 nunc
671 2474 876 2537 omnis
923 2479 988 2537 et
1031 2494 1181 2537 mox
1222 2474 1497 2555 virgines
1540 2473 1867 2555 tepebunt.

1220 2680 1310 2754 V.

546 2848 699 2927 Quis
743 2850 945 2914 multa
987 2850 1241 2933 gracilis
1283 2854 1350 2915 te
1394 2871 1553 2932 puer
1595 2849 1659 2913 in
1704 2868 1853 2913 rosa
1918 2866 1920 2868 ’

542 2936 835 3017 perfusus
875 2936 1134 3017 liquidis
1174 2943 1405 3017 urguet
1448 2935 1748 2999 odoribus

631 3028 834 3103 gratO,
876 3022 1136 3105 Pyrrha,
1183 3023 1299 3087 sub
1345 3028 1527 3085 antro
1544 3021 1577 3083 ¹?

718 3108 819 3171 cui
862 3106 1090 3171 flavam
1134 3108 1365 3189 religas
1413 3127 1679 3185 comam,

547 3224 816 3308 simplex
859 3228 1234 3291 munditiis?
1276 3226 1403 3290 heu
1447 3226 1740 3307 quotiens
1783 3224 1974 3288 fidem

547 3318 950 3393 mutatosque
996 3313 1150 3376 deos
1193 3311 1373 3377 flebit
1418 3318 1483 3375 et
1526 3332 1756 3393 aspera

631 3399 828 3480 nigris
873 3418 1154 3480 aequora
1195 3400 1401 3463 ventis

717 3483 1090 3547 emirabitur
1130 3484 1429 3565 insolenS‚

547 3601 655 3681 qui
699 3622 866 3665 nunc
910 3608 974 3665 te
1019 3602 1250 3666 fruitur
1294 3604 1587 3668 credulus
1632 3624 1845 3681 aurea,

545 3686 654 3767 qui
685 3708 950 3770 ¹semper
991 3710 1274 3769 vacuam,
1321 3711 1573 3772 semper
1615 3688 1952 3753 amabilem

633 3779 867 3853 sperat,
911 3775 1160 3837 nescius
1203 3795 1399 3838 aurae

719 3856 984 3923 fallacis.
1029 3860 1261 3938 miseri,
1309 3860 1537 3941 quibus

2412 1557 2489 1610 10

2414 2017 2491 2072 15

2413 2481 2490 2535 20

2427 3698 2499 3749 10
