<?xml version="1.0" encoding="UTF-8"?>
<!DOCTYPE html PUBLIC "-//W3C//DTD XHTML 1.0 Transitional//EN"
    "http://www.w3.org/TR/xhtml1/DTD/xhtml1-transitional.dtd">
<html xmlns="http://www.w3.org/1999/xhtml" xml:lang="en" lang="en">
 <head>
  <title>
</title>
<meta http-equiv="Content-Type" content="text/html;charset=utf-8" />
  <meta name='ocr-system' content='tesseract 3.04.00' />
  <meta name='ocr-capabilities' content='ocr_page ocr_carea ocr_par ocr_line ocrx_word'/>
</head>
<body>
  <div class='ocr_page' id='page_1' title='image "./qhoratiiflaccic00petsgoog_0130.png"; bbox 0 0 2784 4319; ppageno 0'>
   <div class='ocr_carea' id='block_1_1' title="bbox 388 253 493 315">
    <p class='ocr_par' dir='ltr' id='par_1_1' title="bbox 388 253 493 315">
     <span class='ocr_line' id='line_1_1' title="bbox 388 253 493 315; baseline 0 0"><span class='ocrx_word' id='word_1_1' title='bbox 388 253 493 315; x_wconf 78' lang='lat'><strong>98·</strong></span> 
     </span>
    </p>
   </div>
   <div class='ocr_carea' id='block_1_2' title="bbox 292 1342 367 1395">
    <p class='ocr_par' dir='ltr' id='par_1_2' title="bbox 292 1342 367 1395">
     <span class='ocr_line' id='line_1_2' title="bbox 292 1342 367 1395; baseline 0.027 -2"><span class='ocrx_word' id='word_1_2' title='bbox 292 1342 367 1395; x_wconf 84' lang='lat'><strong>10</strong></span> 
     </span>
    </p>
   </div>
   <div class='ocr_carea' id='block_1_3' title="bbox 291 1770 367 1823">
    <p class='ocr_par' dir='ltr' id='par_1_3' title="bbox 291 1770 367 1823">
     <span class='ocr_line' id='line_1_3' title="bbox 291 1770 367 1823; baseline -0.013 0"><span class='ocrx_word' id='word_1_3' title='bbox 291 1770 367 1823; x_wconf 84' lang='lat'><strong>15</strong></span> 
     </span>
    </p>
   </div>
   <div class='ocr_carea' id='block_1_4' title="bbox 288 2200 369 2255">
    <p class='ocr_par' dir='ltr' id='par_1_4' title="bbox 288 2200 369 2255">
     <span class='ocr_line' id='line_1_4' title="bbox 288 2200 369 2255; baseline 0 0"><span class='ocrx_word' id='word_1_4' title='bbox 288 2200 369 2255; x_wconf 82' lang='lat'><strong>20</strong></span> 
     </span>
    </p>
   </div>
   <div class='ocr_carea' id='block_1_5' title="bbox 289 3540 369 3595">
    <p class='ocr_par' dir='ltr' id='par_1_5' title="bbox 289 3540 369 3595">
     <span class='ocr_line' id='line_1_5' title="bbox 289 3540 369 3595; baseline -0.013 0"><span class='ocrx_word' id='word_1_5' title='bbox 289 3540 369 3595; x_wconf 91' lang='grc'><strong>10</strong></span> 
     </span>
    </p>
   </div>
   <div class='ocr_carea' id='block_1_6' title="bbox 1223 245 1830 298">
    <p class='ocr_par' dir='ltr' id='par_1_6' title="bbox 1223 245 1830 298">
     <span class='ocr_line' id='line_1_6' title="bbox 1223 245 1830 298; baseline -0.008 0"><span class='ocrx_word' id='word_1_6' title='bbox 1223 248 1500 298; x_wconf 86' lang='lat' dir='ltr'>HORATI</span> <span class='ocrx_word' id='word_1_7' title='bbox 1533 245 1830 296; x_wconf 77' lang='lat' dir='ltr'>EPODON</span> 
     </span>
    </p>
   </div>
   <div class='ocr_carea' id='block_1_7' title="bbox 697 557 2167 1242">
    <p class='ocr_par' dir='ltr' id='par_1_7' title="bbox 697 557 2167 1242">
     <span class='ocr_line' id='line_1_7' title="bbox 697 557 1926 638; baseline -0.004 -14"><span class='ocrx_word' id='word_1_8' title='bbox 697 559 990 624; x_wconf 89' lang='lat' dir='ltr'><strong>Parentis</strong></span> <span class='ocrx_word' id='word_1_9' title='bbox 1034 557 1186 622; x_wconf 89' lang='lat' dir='ltr'><strong>olim</strong></span> <span class='ocrx_word' id='word_1_10' title='bbox 1231 557 1287 621; x_wconf 91' lang='lat' dir='ltr'><strong>si</strong></span> <span class='ocrx_word' id='word_1_11' title='bbox 1330 557 1470 638; x_wconf 89' lang='lat' dir='ltr'><strong>quis</strong></span> <span class='ocrx_word' id='word_1_12' title='bbox 1515 557 1690 638; x_wconf 87' lang='lat' dir='ltr'><strong>inpia</strong></span> <span class='ocrx_word' id='word_1_13' title='bbox 1733 576 1926 620; x_wconf 91' lang='lat' dir='ltr'><strong>manu</strong></span> 
     </span>
     <span class='ocr_line' id='line_1_8' title="bbox 873 642 1664 726; baseline -0.004 -18"><span class='ocrx_word' id='word_1_14' title='bbox 873 644 1071 708; x_wconf 90' lang='lat' dir='ltr'><strong>senile</strong></span> <span class='ocrx_word' id='word_1_15' title='bbox 1116 649 1338 726; x_wconf 85' lang='lat' dir='ltr'><strong>guttur</strong></span> <span class='ocrx_word' id='word_1_16' title='bbox 1380 642 1664 725; x_wconf 76' lang='lat' dir='ltr'><strong>fregerit,</strong></span> 
     </span>
     <span class='ocr_line' id='line_1_9' title="bbox 703 729 1742 796; baseline -0.003 -1"><span class='ocrx_word' id='word_1_17' title='bbox 703 732 840 796; x_wconf 87' lang='lat' dir='ltr'><strong>edit</strong></span> <span class='ocrx_word' id='word_1_18' title='bbox 882 731 1105 794; x_wconf 88' lang='lat' dir='ltr'><strong>cicutis</strong></span> <span class='ocrx_word' id='word_1_19' title='bbox 1151 729 1346 794; x_wconf 89' lang='lat' dir='ltr'><strong>alium</strong></span> <span class='ocrx_word' id='word_1_20' title='bbox 1389 730 1742 794; x_wconf 78' lang='lat' dir='ltr'><strong>nocentius.</strong></span> 
     </span>
     <span class='ocr_line' id='line_1_10' title="bbox 872 815 2167 882; baseline 0.001 -1"><span class='ocrx_word' id='word_1_21' title='bbox 872 838 910 881; x_wconf 95' lang='lat' dir='ltr'><strong>o</strong></span> <span class='ocrx_word' id='word_1_22' title='bbox 960 816 1120 880; x_wconf 87' lang='lat' dir='ltr'><strong>dura</strong></span> <span class='ocrx_word' id='word_1_23' title='bbox 1163 836 1518 880; x_wconf 82' lang='lat' dir='ltr'><strong>messorum</strong></span> <span class='ocrx_word' id='word_1_24' title='bbox 1562 815 1703 880; x_wconf 85' lang='lat' dir='ltr'><strong>ilia!</strong></span> <span class='ocrx_word' id='word_1_25' title='bbox 2157 869 2167 882; x_wconf 84' lang='lat'><strong>.</strong></span> 
     </span>
     <span class='ocr_line' id='line_1_11' title="bbox 698 900 2134 985; baseline -0.002 -18"><span class='ocrx_word' id='word_1_26' title='bbox 698 903 856 985; x_wconf 89' lang='lat' dir='ltr'><strong>quid</strong></span> <span class='ocrx_word' id='word_1_27' title='bbox 898 903 1021 967; x_wconf 91' lang='lat' dir='ltr'><strong>hoc</strong></span> <span class='ocrx_word' id='word_1_28' title='bbox 1065 903 1292 966; x_wconf 86' lang='lat' dir='ltr'><strong>veneni</strong></span> <span class='ocrx_word' id='word_1_29' title='bbox 1336 903 1540 966; x_wconf 85' lang='lat' dir='ltr'><strong>saevit</strong></span> <span class='ocrx_word' id='word_1_30' title='bbox 1581 903 1648 965; x_wconf 91' lang='lat' dir='ltr'><strong>in</strong></span> <span class='ocrx_word' id='word_1_31' title='bbox 1690 900 2134 983; x_wconf 72' lang='lat' dir='ltr'><strong>praecordiis?</strong></span> 
     </span>
     <span class='ocr_line' id='line_1_12' title="bbox 871 988 1770 1071; baseline -0.002 -19"><span class='ocrx_word' id='word_1_32' title='bbox 871 1011 1025 1052; x_wconf 90' lang='lat' dir='ltr'><strong>num</strong></span> <span class='ocrx_word' id='word_1_33' title='bbox 1066 989 1387 1071; x_wconf 81' lang='lat' dir='ltr'><strong>viperinus</strong></span> <span class='ocrx_word' id='word_1_34' title='bbox 1431 988 1532 1052; x_wconf 90' lang='lat' dir='ltr'><strong>his</strong></span> <span class='ocrx_word' id='word_1_35' title='bbox 1581 1009 1770 1051; x_wconf 90' lang='lat' dir='ltr'><strong>cruor</strong></span> 
     </span>
     <span class='ocr_line' id='line_1_13' title="bbox 700 1072 2066 1152; baseline -0.002 -13"><span class='ocrx_word' id='word_1_36' title='bbox 700 1077 989 1140; x_wconf 91' lang='lat' dir='ltr'><strong>incoctus</strong></span> <span class='ocrx_word' id='word_1_37' title='bbox 1033 1074 1249 1139; x_wconf 85' lang='lat' dir='ltr'><strong>herbis</strong></span> <span class='ocrx_word' id='word_1_38' title='bbox 1294 1095 1398 1138; x_wconf 90' lang='lat' dir='ltr'><strong>me</strong></span> <span class='ocrx_word' id='word_1_39' title='bbox 1444 1073 1690 1152; x_wconf 84' lang='lat' dir='ltr'><strong>fefellit,</strong></span> <span class='ocrx_word' id='word_1_40' title='bbox 1737 1095 1814 1136; x_wconf 85' lang='lat' dir='ltr'><strong>an</strong></span> <span class='ocrx_word' id='word_1_41' title='bbox 1863 1072 2066 1137; x_wconf 87' lang='lat' dir='ltr'><strong>malas</strong></span> 
     </span>
     <span class='ocr_line' id='line_1_14' title="bbox 874 1159 1779 1242; baseline -0.001 -18"><span class='ocrx_word' id='word_1_42' title='bbox 874 1159 1145 1229; x_wconf 81' lang='lat' dir='ltr'>Canidia</span> <span class='ocrx_word' id='word_1_43' title='bbox 1189 1161 1492 1224; x_wconf 86' lang='lat' dir='ltr'><strong>tractavit</strong></span> <span class='ocrx_word' id='word_1_44' title='bbox 1535 1159 1733 1242; x_wconf 89' lang='lat' dir='ltr'><strong>dapes</strong></span> <span class='ocrx_word' id='word_1_45' title='bbox 1749 1161 1779 1222; x_wconf 74' lang='grc' dir='ltr'><strong>ἱ)</strong></span> 
     </span>
    </p>
   </div>
   <div class='ocr_carea' id='block_1_8' title="bbox 652 1239 2180 1329">
    <p class='ocr_par' dir='ltr' id='par_1_8' title="bbox 652 1239 2180 1329">
     <span class='ocr_line' id='line_1_15' title="bbox 652 1239 2180 1329; baseline -0.004 -17"><span class='ocrx_word' id='word_1_46' title='bbox 652 1239 656 1249; x_wconf 83' lang='grc'><strong>’</strong></span> <span class='ocrx_word' id='word_1_47' title='bbox 700 1253 773 1312; x_wconf 90' lang='lat' dir='ltr'><strong>ut</strong></span> <span class='ocrx_word' id='word_1_48' title='bbox 815 1248 1219 1329; x_wconf 76' lang='lat' dir='ltr'><strong>Argonautas</strong></span> <span class='ocrx_word' id='word_1_49' title='bbox 1262 1251 1524 1328; x_wconf 86' lang='lat' dir='ltr'><strong>praeter</strong></span> <span class='ocrx_word' id='word_1_50' title='bbox 1566 1267 1785 1315; x_wconf 86' lang='lat' dir='ltr'><strong>omnes</strong></span> <span class='ocrx_word' id='word_1_51' title='bbox 1838 1245 2180 1316; x_wconf 83' lang='lat' dir='ltr'><strong>candidum</strong></span> 
     </span>
    </p>
   </div>
   <div class='ocr_carea' id='block_1_9' title="bbox 702 1333 1940 1758">
    <p class='ocr_par' dir='ltr' id='par_1_9' title="bbox 702 1333 1940 1758">
     <span class='ocr_line' id='line_1_16' title="bbox 875 1333 1819 1412; baseline 0 -16"><span class='ocrx_word' id='word_1_52' title='bbox 875 1333 1108 1398; x_wconf 86' lang='lat' dir='ltr'><strong>Medea</strong></span> <span class='ocrx_word' id='word_1_53' title='bbox 1148 1334 1384 1396; x_wconf 89' lang='lat' dir='ltr'><strong>mirata</strong></span> <span class='ocrx_word' id='word_1_54' title='bbox 1429 1339 1528 1397; x_wconf 92' lang='lat' dir='ltr'><strong>est</strong></span> <span class='ocrx_word' id='word_1_55' title='bbox 1571 1333 1819 1412; x_wconf 86' lang='lat' dir='ltr'><strong>ducem,</strong></span> 
     </span>
     <span class='ocr_line' id='line_1_17' title="bbox 702 1418 1819 1503; baseline 0 -21"><span class='ocrx_word' id='word_1_56' title='bbox 702 1422 923 1503; x_wconf 88' lang='lat' dir='ltr'><strong>ignota</strong></span> <span class='ocrx_word' id='word_1_57' title='bbox 966 1419 1169 1483; x_wconf 89' lang='lat' dir='ltr'><strong>tauris</strong></span> <span class='ocrx_word' id='word_1_58' title='bbox 1212 1418 1625 1500; x_wconf 78' lang='lat' dir='ltr'><strong>inligaturum</strong></span> <span class='ocrx_word' id='word_1_59' title='bbox 1668 1420 1819 1501; x_wconf 88' lang='lat' dir='ltr'><strong>iuga</strong></span> 
     </span>
     <span class='ocr_line' id='line_1_18' title="bbox 871 1504 1707 1588; baseline -0.001 -19"><span class='ocrx_word' id='word_1_60' title='bbox 871 1505 1173 1588; x_wconf 83' lang='lat' dir='ltr'><strong>perunxit</strong></span> <span class='ocrx_word' id='word_1_61' title='bbox 1212 1504 1336 1568; x_wconf 91' lang='grc'>1100</span> <span class='ocrx_word' id='word_1_62' title='bbox 1380 1504 1707 1583; x_wconf 84' lang='lat' dir='ltr'><strong>Iasonem,</strong></span> 
     </span>
     <span class='ocr_line' id='line_1_19' title="bbox 702 1590 1940 1672; baseline -0.001 -17"><span class='ocrx_word' id='word_1_63' title='bbox 702 1591 826 1656; x_wconf 89' lang='grc'>1100</span> <span class='ocrx_word' id='word_1_64' title='bbox 870 1590 1171 1655; x_wconf 87' lang='lat' dir='ltr'><strong>delibutis</strong></span> <span class='ocrx_word' id='word_1_65' title='bbox 1214 1590 1353 1654; x_wconf 89' lang='lat' dir='ltr'><strong>ulta</strong></span> <span class='ocrx_word' id='word_1_66' title='bbox 1399 1591 1582 1654; x_wconf 90' lang='lat' dir='ltr'><strong>donis</strong></span> <span class='ocrx_word' id='word_1_67' title='bbox 1627 1590 1940 1672; x_wconf 81' lang='lat' dir='ltr'><strong>paelicem</strong></span> 
     </span>
     <span class='ocr_line' id='line_1_20' title="bbox 875 1676 1594 1758; baseline -0.001 -17"><span class='ocrx_word' id='word_1_68' title='bbox 875 1683 1173 1758; x_wconf 82' lang='lat' dir='ltr'><strong>serpente</strong></span> <span class='ocrx_word' id='word_1_69' title='bbox 1216 1676 1381 1758; x_wconf 85' lang='lat' dir='ltr'><strong>fugit</strong></span> <span class='ocrx_word' id='word_1_70' title='bbox 1425 1676 1594 1740; x_wconf 88' lang='lat' dir='ltr'><strong>alite.</strong></span> 
     </span>
    </p>
   </div>
   <div class='ocr_carea' id='block_1_10' title="bbox 700 1762 2270 1845">
    <p class='ocr_par' dir='ltr' id='par_1_10' title="bbox 700 1762 2270 1845">
     <span class='ocr_line' id='line_1_21' title="bbox 700 1762 2270 1845; baseline 0 -18"><span class='ocrx_word' id='word_1_71' title='bbox 700 1783 821 1827; x_wconf 89' lang='lat' dir='ltr'><strong>nec</strong></span> <span class='ocrx_word' id='word_1_72' title='bbox 862 1768 1081 1826; x_wconf 90' lang='lat' dir='ltr'><strong>tantus</strong></span> <span class='ocrx_word' id='word_1_73' title='bbox 1124 1783 1428 1843; x_wconf 90' lang='lat' dir='ltr'><strong>umquam</strong></span> <span class='ocrx_word' id='word_1_74' title='bbox 1471 1763 1750 1826; x_wconf 89' lang='lat' dir='ltr'><strong>siderum</strong></span> <span class='ocrx_word' id='word_1_75' title='bbox 1792 1762 2029 1827; x_wconf 80' lang='lat' dir='ltr'><strong>insedit</strong></span> <span class='ocrx_word' id='word_1_76' title='bbox 2069 1781 2270 1845; x_wconf 82' lang='lat' dir='ltr'><strong>vapor</strong></span> 
     </span>
    </p>
   </div>
   <div class='ocr_carea' id='block_1_11' title="bbox 701 1849 2029 2086">
    <p class='ocr_par' dir='ltr' id='par_1_11' title="bbox 701 1849 2029 2086">
     <span class='ocr_line' id='line_1_22' title="bbox 874 1849 1652 1930; baseline -0.001 -17"><span class='ocrx_word' id='word_1_77' title='bbox 874 1849 1238 1914; x_wconf 79' lang='lat' dir='ltr'><strong>siticulosae</strong></span> <span class='ocrx_word' id='word_1_78' title='bbox 1282 1849 1573 1930; x_wconf 84' lang='lat' dir='ltr'><strong>Apuliae,</strong></span> <span class='ocrx_word' id='word_1_79' title='bbox 1649 1906 1652 1912; x_wconf 88' lang='lat'><em>.</em></span> 
     </span>
     <span class='ocr_line' id='line_1_23' title="bbox 701 1933 2029 2000; baseline 0.002 -2"><span class='ocrx_word' id='word_1_80' title='bbox 701 1957 820 2000; x_wconf 92' lang='lat' dir='ltr'><strong>nec</strong></span> <span class='ocrx_word' id='word_1_81' title='bbox 862 1955 1089 1998; x_wconf 92' lang='lat' dir='ltr'><strong>munus</strong></span> <span class='ocrx_word' id='word_1_82' title='bbox 1132 1936 1368 1998; x_wconf 85' lang='lat' dir='ltr'><strong>umeris</strong></span> <span class='ocrx_word' id='word_1_83' title='bbox 1416 1933 1692 1999; x_wconf 86' lang='lat' dir='ltr'><strong>efficacis</strong></span> <span class='ocrx_word' id='word_1_84' title='bbox 1736 1933 2029 2000; x_wconf 89' lang='lat' dir='ltr'><strong>Herculis</strong></span> 
     </span>
     <span class='ocr_line' id='line_1_24' title="bbox 870 2021 1516 2086; baseline 0.003 -2"><span class='ocrx_word' id='word_1_85' title='bbox 870 2021 1099 2085; x_wconf 90' lang='lat' dir='ltr'><strong>inarsit</strong></span> <span class='ocrx_word' id='word_1_86' title='bbox 1140 2021 1516 2086; x_wconf 76' lang='lat' dir='ltr'><strong>aestuosiuS.</strong></span> 
     </span>
    </p>
   </div>
   <div class='ocr_carea' id='block_1_12' title="bbox 702 2107 2198 2199">
    <p class='ocr_par' dir='ltr' id='par_1_12' title="bbox 702 2107 2198 2199">
     <span class='ocr_line' id='line_1_25' title="bbox 702 2107 2198 2199; baseline 0 -27"><span class='ocrx_word' id='word_1_87' title='bbox 702 2112 773 2172; x_wconf 88' lang='lat' dir='ltr'><strong>at</strong></span> <span class='ocrx_word' id='word_1_88' title='bbox 814 2107 869 2173; x_wconf 88' lang='lat' dir='ltr'><strong>si</strong></span> <span class='ocrx_word' id='word_1_89' title='bbox 913 2107 1067 2189; x_wconf 89' lang='lat' dir='ltr'><strong>quid</strong></span> <span class='ocrx_word' id='word_1_90' title='bbox 1109 2127 1415 2189; x_wconf 90' lang='lat' dir='ltr'><strong>umquam</strong></span> <span class='ocrx_word' id='word_1_91' title='bbox 1459 2107 1590 2172; x_wconf 88' lang='lat' dir='ltr'><strong>tale</strong></span> <span class='ocrx_word' id='word_1_92' title='bbox 1635 2108 2088 2191; x_wconf 80' lang='lat' dir='ltr'><strong>concupiveriS‚</strong></span> <span class='ocrx_word' id='word_1_93' title='bbox 2193 2195 2198 2199; x_wconf 72' lang='lat'>.</span> 
     </span>
    </p>
   </div>
   <div class='ocr_carea' id='block_1_13' title="bbox 699 2192 1943 2449">
    <p class='ocr_par' dir='ltr' id='par_1_13' title="bbox 699 2192 1943 2449">
     <span class='ocr_line' id='line_1_26' title="bbox 874 2192 1766 2276; baseline 0 -19"><span class='ocrx_word' id='word_1_94' title='bbox 874 2194 1086 2257; x_wconf 89' lang='lat' dir='ltr'><strong>iocose</strong></span> <span class='ocrx_word' id='word_1_95' title='bbox 1130 2192 1492 2274; x_wconf 86' lang='lat' dir='ltr'><strong>Maecenas,</strong></span> <span class='ocrx_word' id='word_1_96' title='bbox 1535 2214 1766 2276; x_wconf 88' lang='lat' dir='ltr'><strong>precor</strong></span> 
     </span>
     <span class='ocr_line' id='line_1_27' title="bbox 699 2278 1943 2361; baseline -0.001 -17"><span class='ocrx_word' id='word_1_97' title='bbox 699 2300 958 2344; x_wconf 90' lang='lat' dir='ltr'><strong>manum</strong></span> <span class='ocrx_word' id='word_1_98' title='bbox 1000 2278 1216 2361; x_wconf 91' lang='lat' dir='ltr'><strong>puella</strong></span> <span class='ocrx_word' id='word_1_99' title='bbox 1259 2280 1434 2344; x_wconf 83' lang='lat' dir='ltr'><strong>savio</strong></span> <span class='ocrx_word' id='word_1_100' title='bbox 1481 2286 1767 2361; x_wconf 91' lang='lat' dir='ltr'><strong>opponat</strong></span> <span class='ocrx_word' id='word_1_101' title='bbox 1811 2286 1943 2361; x_wconf 86' lang='lat' dir='ltr'><strong>tuo,</strong></span> 
     </span>
     <span class='ocr_line' id='line_1_28' title="bbox 875 2365 1936 2449; baseline 0.002 -20"><span class='ocrx_word' id='word_1_102' title='bbox 875 2370 1161 2430; x_wconf 85' lang='lat' dir='ltr'><strong>extrema</strong></span> <span class='ocrx_word' id='word_1_103' title='bbox 1206 2371 1273 2429; x_wconf 89' lang='lat' dir='ltr'><strong>et</strong></span> <span class='ocrx_word' id='word_1_104' title='bbox 1315 2367 1392 2449; x_wconf 63' lang='lat' dir='ltr'><strong>inr</strong></span> <span class='ocrx_word' id='word_1_105' title='bbox 1429 2365 1678 2447; x_wconf 89' lang='lat' dir='ltr'><strong>sponda</strong></span> <span class='ocrx_word' id='word_1_106' title='bbox 1725 2367 1936 2432; x_wconf 90' lang='lat' dir='ltr'><strong>cubet.</strong></span> 
     </span>
    </p>
   </div>
   <div class='ocr_carea' id='block_1_14' title="bbox 1366 2590 1498 2663">
    <p class='ocr_par' dir='ltr' id='par_1_14' title="bbox 1366 2590 1498 2663">
     <span class='ocr_line' id='line_1_29' title="bbox 1366 2590 1498 2663; baseline 0 0"><span class='ocrx_word' id='word_1_107' title='bbox 1366 2590 1498 2663; x_wconf 93' lang='lat' dir='ltr'><strong>IV.</strong></span> 
     </span>
    </p>
   </div>
   <div class='ocr_carea' id='block_1_15' title="bbox 701 2758 2086 3876">
    <p class='ocr_par' dir='ltr' id='par_1_15' title="bbox 702 2758 2086 2926">
     <span class='ocr_line' id='line_1_30' title="bbox 702 2758 2086 2843; baseline -0.001 -17"><span class='ocrx_word' id='word_1_108' title='bbox 702 2760 897 2843; x_wconf 90' lang='lat' dir='ltr'><strong>Lupis</strong></span> <span class='ocrx_word' id='word_1_109' title='bbox 942 2766 1009 2825; x_wconf 90' lang='lat' dir='ltr'><strong>et</strong></span> <span class='ocrx_word' id='word_1_110' title='bbox 1052 2762 1232 2843; x_wconf 85' lang='lat' dir='ltr'><strong>agnis</strong></span> <span class='ocrx_word' id='word_1_111' title='bbox 1278 2766 1522 2843; x_wconf 88' lang='lat' dir='ltr'><strong>quanta</strong></span> <span class='ocrx_word' id='word_1_112' title='bbox 1566 2761 1793 2824; x_wconf 87' lang='lat' dir='ltr'><strong>sortito</strong></span> <span class='ocrx_word' id='word_1_113' title='bbox 1841 2758 2086 2843; x_wconf 75' lang='lat' dir='ltr'><strong>obtigit,</strong></span> 
     </span>
     <span class='ocr_line' id='line_1_31' title="bbox 873 2846 1814 2926; baseline -0.001 -16"><span class='ocrx_word' id='word_1_114' title='bbox 873 2852 1087 2910; x_wconf 91' lang='lat' dir='ltr'><strong>tecum</strong></span> <span class='ocrx_word' id='word_1_115' title='bbox 1130 2846 1286 2909; x_wconf 87' lang='lat' dir='ltr'><strong>mihi</strong></span> <span class='ocrx_word' id='word_1_116' title='bbox 1330 2846 1654 2910; x_wconf 88' lang='lat' dir='ltr'><strong>discordia</strong></span> <span class='ocrx_word' id='word_1_117' title='bbox 1697 2851 1814 2926; x_wconf 88' lang='lat' dir='ltr'><strong>est,</strong></span> 
     </span>
    </p>

    <p class='ocr_par' dir='ltr' id='par_1_16' title="bbox 702 2931 1834 3099">
     <span class='ocr_line' id='line_1_32' title="bbox 702 2931 1834 3014; baseline -0.001 -17"><span class='ocrx_word' id='word_1_118' title='bbox 702 2933 1019 2997; x_wconf 90' lang='lat' dir='ltr'><strong>Hibericis</strong></span> <span class='ocrx_word' id='word_1_119' title='bbox 1062 2938 1323 3014; x_wconf 86' lang='lat' dir='ltr'><strong>peruste</strong></span> <span class='ocrx_word' id='word_1_120' title='bbox 1365 2931 1622 2996; x_wconf 82' lang='lat' dir='ltr'><strong>funibus</strong></span> <span class='ocrx_word' id='word_1_121' title='bbox 1666 2932 1834 2996; x_wconf 90' lang='lat' dir='ltr'><strong>latus</strong></span> 
     </span>
     <span class='ocr_line' id='line_1_33' title="bbox 877 3018 1729 3099; baseline -0.002 -16"><span class='ocrx_word' id='word_1_122' title='bbox 877 3025 944 3083; x_wconf 89' lang='lat' dir='ltr'><strong>et</strong></span> <span class='ocrx_word' id='word_1_123' title='bbox 988 3040 1175 3083; x_wconf 88' lang='lat' dir='ltr'><strong>crura</strong></span> <span class='ocrx_word' id='word_1_124' title='bbox 1218 3018 1381 3082; x_wconf 89' lang='lat' dir='ltr'><strong>dura</strong></span> <span class='ocrx_word' id='word_1_125' title='bbox 1427 3018 1729 3099; x_wconf 90' lang='lat' dir='ltr'><strong>conpede.</strong></span> 
     </span>
    </p>

    <p class='ocr_par' dir='ltr' id='par_1_17' title="bbox 702 3104 1877 3272">
     <span class='ocr_line' id='line_1_34' title="bbox 702 3104 1877 3186; baseline 0 -17"><span class='ocrx_word' id='word_1_126' title='bbox 702 3105 857 3169; x_wconf 89' lang='lat' dir='ltr'><strong>licet</strong></span> <span class='ocrx_word' id='word_1_127' title='bbox 900 3105 1211 3186; x_wconf 88' lang='lat' dir='ltr'><strong>superbus</strong></span> <span class='ocrx_word' id='word_1_128' title='bbox 1255 3104 1544 3170; x_wconf 80' lang='lat' dir='ltr'><strong>ambules</strong></span> <span class='ocrx_word' id='word_1_129' title='bbox 1586 3104 1877 3185; x_wconf 89' lang='lat' dir='ltr'><strong>pecunia,</strong></span> 
     </span>
     <span class='ocr_line' id='line_1_35' title="bbox 875 3190 1818 3272; baseline 0.001 -18"><span class='ocrx_word' id='word_1_130' title='bbox 875 3190 1135 3255; x_wconf 86' lang='lat' dir='ltr'><strong>fortuna</strong></span> <span class='ocrx_word' id='word_1_131' title='bbox 1176 3211 1305 3255; x_wconf 92' lang='lat' dir='ltr'><strong>non</strong></span> <span class='ocrx_word' id='word_1_132' title='bbox 1349 3194 1561 3253; x_wconf 91' lang='lat' dir='ltr'><strong>mutat</strong></span> <span class='ocrx_word' id='word_1_133' title='bbox 1603 3212 1818 3272; x_wconf 90' lang='lat' dir='ltr'><strong>genus.</strong></span> 
     </span>
    </p>

    <p class='ocr_par' dir='ltr' id='par_1_18' title="bbox 702 3275 1971 3445">
     <span class='ocr_line' id='line_1_36' title="bbox 702 3275 1971 3355; baseline 0.002 -16"><span class='ocrx_word' id='word_1_134' title='bbox 702 3277 983 3355; x_wconf 83' lang='lat' dir='ltr'><strong>videsne,</strong></span> <span class='ocrx_word' id='word_1_135' title='bbox 1031 3275 1297 3340; x_wconf 89' lang='lat' dir='ltr'><strong>Sacram</strong></span> <span class='ocrx_word' id='word_1_136' title='bbox 1339 3277 1648 3341; x_wconf 84' lang='lat' dir='ltr'><strong>metiente</strong></span> <span class='ocrx_word' id='word_1_137' title='bbox 1691 3282 1759 3341; x_wconf 92' lang='lat' dir='ltr'><strong>te</strong></span> <span class='ocrx_word' id='word_1_138' title='bbox 1803 3277 1971 3341; x_wconf 83' lang='lat' dir='ltr'><strong>viam</strong></span> 
     </span>
     <span class='ocr_line' id='line_1_37' title="bbox 879 3362 1958 3445; baseline 0.002 -20"><span class='ocrx_word' id='word_1_139' title='bbox 879 3382 1023 3425; x_wconf 91' lang='lat' dir='ltr'><strong>cum</strong></span> <span class='ocrx_word' id='word_1_140' title='bbox 1065 3362 1165 3428; x_wconf 88' lang='lat' dir='ltr'><strong>bis</strong></span> <span class='ocrx_word' id='word_1_141' title='bbox 1210 3363 1407 3426; x_wconf 88' lang='lat' dir='ltr'><strong>trium</strong></span> <span class='ocrx_word' id='word_1_142' title='bbox 1449 3362 1745 3427; x_wconf 87' lang='lat' dir='ltr'><strong>ulnarum</strong></span> <span class='ocrx_word' id='word_1_143' title='bbox 1787 3368 1958 3445; x_wconf 83' lang='lat' dir='ltr'><strong>toga,</strong></span> 
     </span>
    </p>

    <p class='ocr_par' dir='ltr' id='par_1_19' title="bbox 702 3448 1966 3616">
     <span class='ocr_line' id='line_1_38' title="bbox 702 3448 1966 3513; baseline 0 0"><span class='ocrx_word' id='word_1_144' title='bbox 702 3453 778 3513; x_wconf 90' lang='lat' dir='ltr'><strong>ut</strong></span> <span class='ocrx_word' id='word_1_145' title='bbox 821 3467 936 3511; x_wconf 88' lang='lat' dir='ltr'><strong>ora</strong></span> <span class='ocrx_word' id='word_1_146' title='bbox 978 3453 1190 3513; x_wconf 83' lang='lat' dir='ltr'><strong>vertat</strong></span> <span class='ocrx_word' id='word_1_147' title='bbox 1230 3448 1356 3513; x_wconf 90' lang='lat' dir='ltr'><strong>huc</strong></span> <span class='ocrx_word' id='word_1_148' title='bbox 1403 3454 1470 3511; x_wconf 91' lang='lat' dir='ltr'><strong>et</strong></span> <span class='ocrx_word' id='word_1_149' title='bbox 1511 3448 1637 3513; x_wconf 92' lang='lat' dir='ltr'><strong>huc</strong></span> <span class='ocrx_word' id='word_1_150' title='bbox 1681 3450 1966 3513; x_wconf 90' lang='lat' dir='ltr'><strong>euntium</strong></span> 
     </span>
     <span class='ocr_line' id='line_1_39' title="bbox 875 3532 1652 3616; baseline 0 -19"><span class='ocrx_word' id='word_1_151' title='bbox 875 3532 1204 3599; x_wconf 90' lang='lat' dir='ltr'><strong>liberrima</strong></span> <span class='ocrx_word' id='word_1_152' title='bbox 1246 3534 1603 3616; x_wconf 86' lang='lat' dir='ltr'><strong>indignatio</strong></span> <span class='ocrx_word' id='word_1_153' title='bbox 1617 3534 1652 3597; x_wconf 84' lang='lat'><strong>⁴?</strong></span> 
     </span>
    </p>

    <p class='ocr_par' dir='ltr' id='par_1_20' title="bbox 701 3617 1943 3787">
     <span class='ocr_line' id='line_1_40' title="bbox 701 3617 1943 3702; baseline 0.002 -21"><span class='ocrx_word' id='word_1_154' title='bbox 701 3618 936 3684; x_wconf 84' lang='lat' dir='ltr'><strong>‘sectus</strong></span> <span class='ocrx_word' id='word_1_155' title='bbox 978 3617 1249 3702; x_wconf 87' lang='lat' dir='ltr'><strong>flageHis</strong></span> <span class='ocrx_word' id='word_1_156' title='bbox 1284 3620 1392 3684; x_wconf 91' lang='lat' dir='ltr'><strong>hic</strong></span> <span class='ocrx_word' id='word_1_157' title='bbox 1444 3620 1943 3685; x_wconf 82' lang='lat' dir='ltr'><strong>triumviralibus</strong></span> 
     </span>
     <span class='ocr_line' id='line_1_41' title="bbox 876 3705 1723 3787; baseline 0.001 -19"><span class='ocrx_word' id='word_1_158' title='bbox 876 3707 1232 3787; x_wconf 84' lang='lat' dir='ltr'><strong>praeconis</strong></span> <span class='ocrx_word' id='word_1_159' title='bbox 1258 3706 1345 3771; x_wconf 91' lang='lat' dir='ltr'><strong>ad</strong></span> <span class='ocrx_word' id='word_1_160' title='bbox 1389 3705 1723 3771; x_wconf 86' lang='lat' dir='ltr'><strong>fastidium</strong></span> 
     </span>
    </p>

    <p class='ocr_par' dir='ltr' id='par_1_21' title="bbox 701 3790 1876 3876">
     <span class='ocr_line' id='line_1_42' title="bbox 701 3790 1876 3876; baseline 0.003 -23"><span class='ocrx_word' id='word_1_161' title='bbox 701 3795 847 3854; x_wconf 87' lang='lat' dir='ltr'><strong>arat</strong></span> <span class='ocrx_word' id='word_1_162' title='bbox 888 3790 1146 3857; x_wconf 88' lang='lat' dir='ltr'><strong>Falerni</strong></span> <span class='ocrx_word' id='word_1_163' title='bbox 1190 3792 1365 3858; x_wconf 88' lang='lat' dir='ltr'><strong>mille</strong></span> <span class='ocrx_word' id='word_1_164' title='bbox 1409 3792 1592 3857; x_wconf 86' lang='lat' dir='ltr'><strong>fundi</strong></span> <span class='ocrx_word' id='word_1_165' title='bbox 1635 3794 1876 3876; x_wconf 87' lang='lat' dir='ltr'><strong>iugera,</strong></span> 
     </span>
    </p>
   </div>
   <div class='ocr_carea' id='block_1_16' title="bbox 2497 23 2784 148">
    <p class='ocr_par' dir='ltr' id='par_1_22' title="bbox 2497 23 2784 148">
     <span class='ocr_line' id='line_1_43' title="bbox 2497 23 2784 148; baseline 0 4171"><span class='ocrx_word' id='word_1_166' title='bbox 2497 23 2784 148; x_wconf 95' lang='lat' dir='ltr'><strong> </strong></span> 
     </span>
    </p>
   </div>
  </div>
 </body>
</html>
