2784 4319
250 548 327 602 55

225 995 330 1046 ‘60

258 1425 333 1477 65

260 2284 337 2335 75

259 2710 339 2763 80

262 3142 343 3195 85

217 3546 347 3625 Ᾰ90

352 239 473 299 120

1122 235 1399 284 HORATI
1436 229 1839 284 SERMONUM

556 371 809 450 caldior„
848 377 979 436 est:
1026 376 1209 436 acres
1254 373 1424 435 inter
1465 377 1851 434 numeretur.
1899 371 2142 451 opinor,

554 457 714 522 haec
759 479 863 522 res
910 463 976 522 et
1018 459 1242 540 iungit,
1287 459 1539 522 iunctos
1584 464 1651 522 et
1693 463 1906 521 servat
1954 459 2213 522 amicos,

559 551 629 609 at
670 566 787 608 1108
831 545 1098 608 virtutes
1142 545 1315 626 ipsas
1366 544 1738 608 invertimus
1792 549 1984 624 atque

559 632 876 695 sincerum
923 630 1209 711 cupimus
1254 650 1365 693 vas
1411 629 1784 694 incrustare.
1828 628 2067 710 probus
2113 629 2254 709 quis

556 716 889 781 nobiscum
930 716 1102 794 vivit,
1147 715 1417 778 multum
1465 716 1774 780 demissus
1817 715 2039 779 homo:
2089 714 2187 777 illi.
2293 769 2296 772 .

558 803 746 867 tardo
796 823 1165 884 cognomen,
1211 803 1434 884 pingui
1478 801 1720 866 damus.
1765 801 1870 866 hic
1914 801 2079 882 fugit
2123 821 2344 864 omnes

558 889 823 970 insidias
866 888 1149 969 nullique
1194 886 1365 958 malo
1411 888 1581 952 latus
1628 887 1812 952 obdit
1853 893 2165 969 apertum,

562 997 704 1039 cum
749 995 947 1056 genus
990 974 1113 1038 hoc
1158 974 1327 1037 inter
1368 975 1540 1037 vitae
1583 979 1888 1050 versetur,
1934 972 2045 1037 ubi
2091 973 2255 1036 acris

560 1061 799 1124 invidia
844 1066 1036 1142 atque
1080 1061 1297 1140 vigent
1338 1059 1450 1124 ubi
1495 1061 1791 1123 crimina:
1844 1080 1960 1140 pro
2006 1059 2169 1123 bene
2215 1079 2373 1122 sano

560 1169 637 1212 ao
659 1161 808 1210 'non
852 1147 1109 1210 incauto
1152 1144 1375 1209 fictum
1420 1150 1828 1226 astutumque
1873 1166 2188 1209 vocamus.
2424 1157 2430 1162 ’

562 1232 910 1314 simplicior
953 1233 1095 1313 quis
1142 1237 1209 1295 et
1252 1237 1353 1296 est
1397 1231 1650 1313 qualem
1696 1253 1798 1294 me
1843 1251 2034 1312 saepe
2079 1231 2356 1294 libenter

562 1319 904 1384 obtulerim
948 1317 1085 1394 tibi,
1131 1317 1491 1396 Maecenas,
1537 1322 1611 1381 ut
1653 1315 1819 1381 forte
1863 1316 2182 1397 legentem

562 1410 675 1470 aut
716 1405 985 1468 tacitum
1029 1402 1298 1484 inpellat
1342 1403 1563 1484 quovis
1609 1423 1931 1468 sermone:
1973 1395 2336 1466 cmolestus:

564 1491 883 1556 communi
926 1509 1117 1554 sensu
1160 1489 1349 1570 plane
1397 1481 1590 1553 caret'
1637 1490 1975 1572 inquimus,
2029 1488 2208 1566 011011,

564 1598 756 1660 quam
798 1581 1041 1640 temere
1086 1575 1153 1637 in
1196 1581 1450 1638 nosmet
1490 1575 1698 1656 legem
1740 1575 2060 1639 >sancimus
2101 1573 2424 1655 iniquam!

562 1683 711 1726 nam
756 1662 927 1726 vitiis
970 1680 1157 1724 nemo
1205 1661 1340 1724 sine
1384 1662 1686 1724 nascitur.
1733 1661 2008 1742 optimus
2053 1659 2162 1724 ille
2217 1665 2331 1738 est,

563 1750 673 1831 qui
715 1747 992 1811 minimis
1036 1751 1360 1827 urguetur.
1409 1748 1650 1824 amicus
1695 1746 1916 1825 dulciS,
1961 1751 2036 1809 ut
2079 1767 2354 1827 aequum
2403 1749 2521 1823 est¹

568 1857 713 1900 cum
756 1855 903 1898 mea
944 1838 1294 1914 conpenset
1334 1833 1504 1896 vitiis
1547 1833 1736 1917 bona,
1780 1832 2068 1916 pluribus
2110 1833 2306 1912 hisce,

564 1922 619 1985 si
662 1920 853 1983 modo
898 1919 1085 2000 plura
1127 1918 1283 1981 mihi
1326 1917 1500 1982 bona
1543 1924 1708 1997 sunt,
1753 1919 2035 1997 inclinet,
2083 1919 2286 1984 amari
2323 1941 2326 1944 ⁴

564 2009 619 2071 si
662 2005 865 2070 volet:
917 2003 1040 2068 hac
1084 2003 1227 2086 lege
1268 2005 1336 2067 in
1380 2005 1626 2068 trutina
1666 2011 1940 2087 ponetur
1986 2005 2230 2068 eadem.

566 2093 695 2175 qui,
740 2112 821 2154 ne
866 2089 1197 2154 tuberibus
1241 2091 1518 2173 propriis
1565 2089 1850 2154 offendat
1893 2091 2186 2170 amicum,

564 2178 868 2262 postulat,
914 2178 1203 2259 ignoscet
1244 2178 1524 2241 verrucis
1569 2178 1769 2242 illius:
1815 2198 2089 2259 aequum
2135 2183 2234 2241 est

564 2264 848 2347 peccatis
892 2262 1143 2327 veniam
1185 2269 1558 2345 poscentem
1601 2264 1869 2327 reddere
1914 2284 2150 2327 rursus.

570 2351 862 2432 denique,
909 2354 1223 2430 quatenus
1268 2349 1477 2413 excidi
1520 2350 1774 2431 penitus
1817 2350 2040 2413 vitium
2084 2349 2239 2429 irae,

569 2442 783 2501 cetera
826 2436 982 2499 item
1025 2440 1351 2516 nequeunt
1395 2434 1608 2498 stultis
1652 2435 2002 2513 haerentia,
2051 2456 2164 2499 cur
2205 2456 2336 2499 non

566 2521 955 2605 ponderibus
998 2520 1400 2601 modulisque
1446 2521 1576 2583 suis
1618 2522 1784 2585 ratio
1829 2522 2048 2599 utitur,
2096 2542 2172 2585 ac
2216 2541 2320 2585 res

568 2614 641 2672 ut
684 2626 974 2689 quaeque
1020 2612 1137 2685 est,
1184 2608 1278 2670 ita
1322 2606 1650 2687 suppliciis
1697 2606 1931 2671 delicta
1977 2606 2320 2670 cohercet?

570 2696 624 2757 si
668 2694 811 2775 quis
856 2713 999 2757 eum
1044 2714 1312 2769 servum,
1357 2693 1646 2773 patinam
1691 2694 1800 2774 qui
1843 2692 2070 2757 tollere
2115 2693 2323 2757 iussus

570 2800 849 2843 semesos
892 2779 1099 2862 pisces
1143 2778 1558 2860 tepidumque
1602 2778 1950 2859 ligurrierit
1992 2780 2109 2857 1118,

570 2868 636 2929 111
682 2886 867 2929 cruce
912 2863 1186 2945 suffigat,
1231 2864 1531 2929 Labeone
1574 2864 1858 2929 insanior
1899 2866 2069 2927 inter

573 2972 761 3015 sanos
806 2951 1073 3015 dicatur.
1120 2956 1359 3031 quanto
1406 2950 1528 3013 hoo
1573 2949 1871 3014 furiosius
1916 2956 2110 3031 atque

571 3038 775 3101 maius
812 3042 1149 3118 peccatum
1182 3042 1310 3099 est:
1349 3036 1610 3117 paulum
1649 3036 1919 3117 deliquit
1953 3036 2215 3114 amicus,

571 3123 743 3205 quod
786 3123 909 3186 nisi
954 3122 1286 3199 concedaS,
1332 3121 1613 3186 habeare
1657 3122 1964 3185 insuavis:
2013 3121 2282 3185 acerbus

572 3209 765 3273 odisti
810 3213 877 3271 et
920 3208 1104 3289 fugiS,
1158 3213 1230 3270 ut
1270 3208 1592 3271 Rusonem
1637 3207 1891 3271 debitor
1934 3209 2120 3283 aeris,
2201 3240 2209 3247 ·

570 3296 682 3376 qui
724 3295 866 3373 nisi,
920 3316 1063 3357 cum
1108 3294 1324 3357 tristes
1368 3294 1601 3357 misero
1643 3314 1877 3357 venere
1921 3292 2271 3369 Kalendae,

571 3380 932 3444 mercedem
976 3385 1089 3443 aut
1131 3400 1422 3442 nummos
1465 3378 1636 3441 unde
1675 3379 1848 3443 unde
1893 3380 2184 3456 extricat,
2231 3398 2487 3443 amaras

572 3472 867 3548 porrecto
913 3465 1127 3547 iugulo
1173 3464 1474 3528 historias
1529 3465 1816 3545 captivus
1859 3470 1934 3527 ut
1977 3464 2175 3529 audit.

574 3552 923 3616 conminxit
963 3551 1201 3614 lectum
1244 3556 1454 3631 potuS,
1499 3571 1794 3615 mensave
1842 3550 2126 3615 catillum

574 3634 861 3702 Euandri
904 3636 1196 3699 manibus
1240 3636 1464 3698 tritum
1510 3635 1773 3700 deiecit:
1829 3636 1912 3701 ob
1955 3636 2122 3699 hanc
2166 3656 2322 3713 rem,

576 3731 689 3787 aut
731 3724 1011 3806 positum
1055 3726 1203 3785 ante
1248 3742 1394 3784 mea
1438 3726 1590 3803 quia
1631 3722 1873 3804 pullum
1923 3723 1991 3785 in
2033 3726 2218 3803 parte
2264 3719 2464 3785 catini

577 3810 833 3875 sustulit
877 3808 1181 3882 esuriens,
1225 3808 1433 3870 minus
1477 3807 1599 3871 1100
1643 3808 1954 3873 iucundus
1999 3808 2240 3871 amic-us
