2784 4319
391 211 470 272 14

249 499 364 576 '15

285 983 366 1038 20

285 1479 365 1533 25

291 2820 368 2871 10

290 3299 368 3353 15

290 3766 368 3817 20

1181 205 1457 257 HORATI
1496 206 1879 257 CARMINUM

796 343 1001 408 fertur
1042 342 1479 420 P1·ometheuS‚
1524 343 1764 406 addere
1806 341 2079 424 principi

795 429 948 494 h'mo
995 434 1254 492 coactus
1299 427 1679 509 particulam
1722 427 2002 509 undique

883 515 1228 592 desectam,
1274 519 1340 577 et
1381 513 1589 577 insani
1630 512 1835 578 leonis

967 600 1095 663 vim
1140 597 1468 663 stomacho
1514 597 1885 681 adposuisse
1930 603 2167 663 nostro.

794 720 933 784 irae
977 718 1295 802 Thyesten
1339 717 1533 782 exitio
1579 717 1757 800 gravi

796 811 1080 868 stravere
1125 810 1192 868 et
1231 803 1382 868 altis
1425 803 1690 868 urbibus
1733 803 1996 868 ultimae

883 894 1119 956 stetere
1165 909 1415 968 causae,
1462 910 1575 952 cur
1616 891 1901 970 perirent

967 975 1251 1039 funditus
1296 976 1793 1057 inprimeretque
1836 976 2032 1040 muris

795 1095 1028 1160 hostile
1071 1101 1354 1159 aratrum
1400 1095 1715 1160 exercitus
1758 1095 2054 1158 insolens.

797 1201 1108 1264 conpesce
1152 1181 1465 1246 mentem!
1510 1201 1613 1245 me
1656 1201 1910 1262 quoque
1955 1179 2231 1262 pectoris

881 1269 1221 1349 temptavit
1263 1268 1328 1331 in
1373 1265 1547 1332 dulci
1589 1267 1846 1330 iuventa

968 1353 1180 1416 fervor
1224 1359 1288 1415 et
1331 1353 1397 1415 in
1443 1351 1681 1416 celeres
1724 1352 1971 1417 iambos

797 1472 974 1538 misit
1014 1472 1359 1538 furentem:
1408 1492 1575 1536 nunc
1620 1491 1737 1553 ego
1782 1471 2041 1537 mitibus

795 1563 1046 1622 mutare
1089 1577 1326 1639 quaero
1371 1557 1599 1635 tristia,
1644 1557 1795 1620 dum
1838 1555 1995 1620 mihi

883 1641 1001 1708 fias
1044 1644 1390 1707 recantatis
1436 1644 1644 1706 amica
1959 1673 1963 1678 ·

971 1729 1332 1810 obprobriis
1375 1729 1783 1810 animumque
1824 1727 2077 1793 reddas».

1502 1865 1743 1939 XVII.

798 1985 1003 2050 Velox
1044 2006 1380 2050 amoenum
1426 2006 1619 2066 saepe
1662 1985 2044 2050 Lucretilem

799 2078 1008 2136 mutat
1050 2072 1296 2154 Lycaeo
1341 2071 1595 2135 Faunus
1639 2077 1707 2135 et
1748 2073 2000 2152 igneam

888 2157 1176 2224 defendit
1217 2164 1533 2221 aestatem
1580 2157 1841 2239 capellis

971 2265 1170 2325 usque
1215 2245 1372 2307 meis
1416 2244 1789 2325 pluviosque
1832 2250 2071 2309 ventos.

799 2364 1035 2445 inpune
1079 2370 1288 2427 tutum
1331 2386 1448 2445 per
1491 2385 1712 2429 nemus
1756 2363 2019 2428 arbutos

801 2455 1117 2531 quaerunt
1158 2449 1434 2513 latentes
1480 2455 1546 2515 et
1587 2450 1807 2535 thyma
1850 2450 2073 2514 deviae

886 2535 1117 2600 olentis
1159 2557 1391 2600 uxores
1436 2537 1670 2615 mariti,

971 2642 1090 2685 nec
1132 2622 1365 2685 virides
1412 2626 1705 2687 metuunt
1748 2620 2041 2685 colubras

798 2762 918 2807 nec
962 2741 1288 2805 Martiales
1333 2742 1667 2805 Haediliae
1709 2742 1911 2823 lupos,

797 2833 1140 2909 utcumque
1184 2827 1373 2905 dulci,
1420 2828 1715 2913 Tyndari,
1757 2826 1975 2891 fistula.

885 2912 1083 2978 valles
1129 2917 1194 2977 et
1234 2912 1498 2978 Usticae
1541 2911 1834 2977 cubantis

970 2999 1136 3063 levia
1176 3019 1563 3081 personuere
1608 3020 1779 3061 saxa.

801 3118 869 3183 di
912 3139 1013 3181 me
1057 3123 1334 3194 tuentur,
1381 3118 1481 3180 dis
1526 3118 1732 3197 pietas
1777 3138 1919 3181 mea

803 3209 870 3268 et
910 3204 1095 3266 Musa
1139 3204 1317 3265 cordi
1362 3208 1478 3265 est.
1522 3203 1627 3265 hic
1671 3202 1789 3266 tibi
1836 3204 2021 3285 copia

886 3287 1173 3351 manabit
1217 3288 1299 3350 ad
1343 3287 1603 3367 plenum
1645 3287 1918 3369 benigno

973 3376 1137 3437 ruris
1181 3373 1495 3436 honorum
1538 3373 1842 3454 opulenta
1886 3394 2098 3438 cornu,

797 3493 906 3557 hic
948 3494 1016 3555 in
1057 3492 1324 3555 reducta
1363 3492 1529 3556 valle
1575 3492 1917 3558 Caniculae

799 3578 1030 3641 vitabis
1074 3582 1290 3641 aestus
1334 3582 1402 3641 et
1441 3575 1569 3643 fide
1614 3578 1767 3642 Teia

887 3663 1062 3726 dices
1103 3662 1471 3728 laborantes
1514 3664 1581 3727 in
1623 3685 1749 3729 uno

973 3747 1334 3829 Penelopen
1376 3750 1771 3831 vitreamque
1816 3748 2059 3814 Circen.
