2784 4319
1145 289 1485 330 PRAEFATIO
2401 290 2455 338 V

166 453 216 459 -—
238 427 286 487 8,
312 429 386 473 26
424 445 613 477 cavere
643 435 687 477 et
713 431 861 477 codd.
891 428 1138 493 plerique.
1162 457 1226 464 —
1251 431 1332 488 12,
1360 431 1421 479 11
1451 428 1586 495 arto]
1609 428 1715 478 alto
1745 428 2165 494 codd-plerique.
2192 456 2260 465 —
2283 431 2366 491 14,
2388 430 2452 477 11

156 529 250 557 ‚mm
278 513 555 577 Bentley,
585 513 691 563 iam
717 517 893 577 codd.;
931 517 1065 565 male
1090 513 1392 563 iuomihatie
1419 515 1656 578 Bentley,
1696 515 1831 563 male
1866 513 2147 564 ‘nominatis
2164 515 2314 565 codd.
2340 515 2456 579 ple-

150 601 318 659 rique.
360 599 458 649 Cf.
487 603 647 651 etiam
671 603 767 651 Th.
787 601 1076 662 Fritzsche,
1113 601 1301 650 Philol.
1339 601 1563 663 XXXV,
1598 617 1647 666 p.
1687 603 1894 652 489.--
1919 603 1998 662 14,
2041 603 2105 650 14
2142 599 2345 666 eximet]
2386 600 2453 650 cf.

141 685 242 744 Ep.
297 687 351 743 1,
400 691 456 741 5,
501 689 738 742 18.—1.7‚
777 689 808 734 5
846 686 991 736 ducit
1026 687 1298 746 Heinsius,
1337 684 1487 735 ducis
1523 686 1677 738 codd.
1700 715 1765 723 —
1787 689 1871 749 20,
1909 689 1940 736 8
1977 686 2080 735 illa
2115 687 2455 751 Peerlkamp,

138 767 231 814 illi
285 772 468 820 codd.
519 801 586 808 -
636 775 719 836 21,
772 774 836 822 10
871 773 1099 838 uegleyet
1135 773 1283 823 codd.
1321 773 1465 822 haud
1501 772 1671 836 pauci.
1710 801 1778 809 —
1816 775 1899 832 24,
1939 774 2003 823 60
2042 773 2267 836 hospites
2302 773 2455 822 codd.

135 854 327 904 multi.
388 885 464 893 —
515 860 597 920 25,
649 861 679 908 9
729 874 792 907 ex
835 858 1027 908 somnis
1062 860 1223 910 editio
1260 859 1570 924 Hauptiana
1606 865 1812 924 quarta,
1862 858 2067 909 Edonis
2104 860 2345 923 Bentley.
2384 887 2454 896 --
2513 886 2534 929 ιν

133 944 226 1000 26,
291 945 326 991 1
394 943 594 995 duellis
630 945 842 995 Franke
892 946 1171 1013 dubitan83
1221 947 1288 995 cf.
1324 946 1701 1009 Dillenburger
1747 946 1783 995 1.
1823 962 1865 994 c.
1904 962 1954 1009 p.
1994 948 2110 995 333.
2149 975 2215 984 —
2252 947 2339 1009 27,
2388 946 2457 995 60

134 1026 402 1096 elidere]
437 1029 652 1081 laedere
689 1032 840 1082 codd.
889 1032 1017 1082 noti.

402 1123 698 1179 carminum
739 1123 824 1178 lib.
863 1125 940 1179 w.
978 1155 1044 1163 --
1085 1133 1132 1189 1,
1171 1129 1236 1176 22
1285 1127 1535 1192 lyraeque
1572 1132 1626 1177 et
1662 1125 1777 1193 rel]
1820 1127 1886 1175 cf.
1926 1127 2299 1192 Dillenburger
2334 1127 2371 1177 l.
2409 1144 2459 1176 c.
2502 1107 2506 1112 Δ

134 1225 191 1270 p.
256 1213 402 1262 335.
457 1241 523 1250 —
575 1215 624 1272 2,
675 1215 705 1261 2
754 1212 846 1261 ille
899 1213 1233 1278 Peerlkamp,
1282 1212 1390 1262 iule
1446 1213 1626 1279 codd.;
1682 1213 1747 1262 cf.
1787 1213 1842 1262 C.
1879 1213 1951 1274 11,
1993 1216 2072 1273 13,
2114 1216 2263 1262 1-2.
2302 1241 2372 1250 -
2407 1216 2459 1276 2,

134 1298 214 1343 49
261 1302 436 1361 teque
483 1299 634 1348 codd.
681 1299 932 1364 plerique.
972 1328 1038 1336 —
1075 1304 1124 1361 4,
1189 1301 1390 1349 17—18
1445 1297 1602 1349 Raeti
1639 1338 1650 1350 .
1691 1338 1701 1349 .
1744 1337 1756 1348 .
1804 1296 2081 1365 Vindelici]
2136 1301 2201 1349 cf.
2256 1300 2352 1362 IV,
2410 1303 2459 1360 1,

136 1385 175 1427 9
220 1399 364 1448 sqq.
402 1383 565 1434 Pauli
599 1423 611 1434 .
651 1422 665 1436 .
704 1423 716 1434 .
755 1422 767 1435 .
807 1384 1060 1446 Maximi3
1117 1386 1210 1434 alii
1246 1385 1429 1436 Raetis
1467 1386 1809 1451 scripserunt.
1847 1413 1913 1422 —-
1949 1386 1999 1446 4,
2039 1387 2105 1434 36
2143 1385 2459 1443 dedecorant

141 1469 271 1518 alii.
306 1498 384 1507 —
409 1473 462 1533 4,
491 1472 554 1521 73
587 1470 859 1534 perficient
895 1471 1042 1522 codd.
1083 1472 1267 1536 optimi
1304 1477 1358 1522 et
1396 1473 1611 1536 Porph.,
1637 1468 1928 1535 perficiunt
1963 1471 2282 1522 Blandinius
2317 1473 2457 1522 anti-

147 1557 488 1618 quissimus,
537 1552 801 1608 Futurum
838 1563 1047 1624 tempus
1083 1558 1248 1608 multo
1285 1560 1463 1622 aptius
1503 1574 1623 1609 esse
1655 1564 1783 1622 puto
1820 1558 1920 1607 hoc
1954 1557 2071 1606 loco
2108 1573 2268 1621 quam
2305 1574 2457 1623 prae-

146 1658 318 1692 sens.
379 1644 728 1694 Desideratur
764 1647 903 1694 enim
939 1660 1044 1694 vox
1079 1645 1397 1694 Hannibalis
1436 1645 1588 1709 quasi
1642 1644 2031 1710 praesagientis
2069 1660 2133 1694 ac
2169 1645 2460 1694 divinantis

150 1727 232 1788 id,
297 1728 449 1794 quod
497 1732 594 1779 sub
642 1730 884 1794 Augusto
936 1731 1138 1780 factum
1179 1731 1467 1780 celebravit
1503 1731 1773 1780 Horatiae.
1812 1759 1879 1768 —-
1916 1733 1965 1792 8,
2007 1733 2069 1780 15
2109 1729 2294 1780 celeris
2318 1734 2466 1796 fuga

153 1815 384 1865 Kelleri
433 1817 582 1866 codd.
633 1817 937 1882 optimi.---
975 1819 1024 1877 8,
1065 1819 1130 1866 33
1169 1817 1270 1866 del.
1323 1817 1634 1866 Lachmann
1669 1817 1779 1880 alii,
1831 1822 2099 1880 tamquam
2135 1818 2359 1880 petitum
2394 1833 2463 1866 ex

155 1900 356 1952 Car-m,
380 1903 480 1964 111,
502 1904 585 1964 25,
607 1904 689 1953 20.
727 1902 800 1952 At
818 1902 951 1951 nihil
980 1902 1287 1952 sollemnius
1307 1903 1531 1952 Horatio
1568 1918 1727 1968 quam
1745 1904 2039 1965 verborum,
2061 1904 2462 1965 sententiarum,

156 2004 432 2038 versuum
453 1989 612 2038 etiam
647 1989 971 2053 integrorum
1004 1989 1265 2054 repetitio,
1304 1987 1385 2039 Of.
1423 1987 1601 2039 iocosa
1636 2025 1650 2039 .
1690 2026 1704 2040 .
1742 2025 1756 2041 .
1792 1987 1961 2053 imago
1986 1988 2043 2038 C.
2064 1987 2107 2050 Ι,
2132 1991 2213 2051 12,
2234 1991 2373 2038 3-4
2407 1995 2463 2038 et

161 2074 210 2135 1,
268 2076 363 2138 20,
411 2075 572 2134 6-—8;
621 2081 763 2125 rates
813 2092 1033 2138 quassas
1082 2076 1123 2136 Ι,
1179 2077 1224 2138 1,
1277 2077 1497 2137 17-18,
1536 2091 1757 2138 quassas
1794 2111 1808 2127 .
1847 2111 1861 2126 .
1900 2113 1911 2124 .
1969 2083 2110 2125 rates
2144 2076 2237 2138 IV,
2275 2077 2327 2138 8,
2359 2078 2461 2135 ’32;

157 2177 431 2211 memores
469 2198 481 2209 .
522 2199 534 2212 .
576 2197 586 2208 .
613 2161 792 2223 fastos
838 2163 936 2224 ΙΠ,
991 2165 1070 2223 17,
1127 2164 1159 2211 4
1197 2169 1250 2212 et
1284 2163 1376 2225 IV,
1420 2165 1498 2225 14,
1552 2165 1612 2224 43
1666 2159 1907 2212 marinae
1944 2200 1957 2212 .
1994 2200 2006 2213 .
2049 2202 2061 2213 .
2109 2159 2335 2213 Veneris.
2360 2163 2459 2220 ΙΙΙ,

160 2250 261 2311 26,
318 2250 369 2309 5,
430 2245 644 2297 Veneris
690 2246 931 2297 marinae
980 2248 1073 2310 IV,
1126 2250 1207 2311 11,
1261 2250 1358 2310 15;
1388 2247 1620 2313 profugi
1655 2247 1877 2314 Scythae
1911 2250 1955 2312 Ι,
1994 2251 2079 2312 35,
2118 2252 2167 2311 9,
2200 2252 2464 2315 profugus
2506 2317 2509 2320 Δ

168 2332 398 2399 Scythes
421 2333 515 2395 IV,
547 2336 626 2397 14,
653 2337 747 2401 423
786 2340 963 2384 amata
998 2332 1177 2383 nautis
1213 2335 1433 2383 multum
1470 2341 1516 2384 et
1551 2334 1881 2385 institoribus
1920 2335 2087 2400 Epod.
2128 2336 2213 2398 17,
2248 2337 2333 2395 20,
2370 2350 2464 2383 seu

163 2429 332 2468 vocat
376 2419 598 2472 institor,
633 2436 725 2470 seu
772 2420 925 2471 ‘navic
977 2419 1244 2483 Hispanae
1293 2420 1541 2486 magistcr
1588 2421 1687 2484 ΠΙ,
1727 2423 1776 2485 6,
1815 2423 2051 2483 30-31;
2090 2427 2257 2470 mater
2302 2436 2464 2469 saeva

172 2503 513 2569 Cupidinum
547 2505 592 2568 Ι,
631 2509 714 2569 19,
753 2508 778 2553 1
819 2512 875 2557 et
907 2506 1001 2570 IV,
1042 2509 1089 2569 1,
1127 2509 1175 2556 5.
1214 2536 1280 2545 —
1319 2510 1403 2570 10,
1440 2508 1473 2556 5
1512 2504 1848 2574 Liyurinum]
1899 2508 1965 2557 cf.
2002 2508 2385 2572 Dillenburger
2422 2507 2463 2557 l.

167 2610 221 2643 c.
260 2610 316 2657 p.
354 2593 474 2641 337.
513 2620 580 2628 ——
621 2595 702 2654 14,
739 2595 773 2641 4
797 2596 980 2653 fastus
1017 2594 1165 2643 codd.
1205 2594 1418 2657 optimi3
1458 2593 1523 2642 cf.
1560 2592 1711 2642 Neue
1746 2593 1815 2655 12,
1854 2610 1903 2657 p.
1942 2596 2060 2644 525.

40 2643 71 2791 ὲ,
397 2685 604 2755 Epodon
643 2685 793 2740 llber-
832 2716 898 2725 —
939 2690 986 2751 1,
1024 2691 1056 2737 5
1091 2687 1157 2754 ei]
1197 2687 1267 2737 eit
1301 2689 1409 2744 alii.
1448 2714 1515 2725 —
1552 2687 1595 2751 I,
1635 2688 1703 2735 34
1738 2687 1917 2754 nepos]
1957 2695 2015 2738 ut
2049 2705 2210 2753 ‘nepos
2244 2688 2365 2751 alii3
2396 2688 2467 2740 cf.

16 2792 51 2870 (s
170 2775 282 2838 Ep.
334 2774 379 2837 Ι,
433 2774 514 2837 10,
567 2775 598 2823 5
647 2779 700 2823 et
747 2775 1020 2823 Fritzsche
1071 2776 1138 2824 ad
1189 2774 1240 2824 S.
1279 2774 1321 2836 I,
1363 2777 1412 2837 1,
1452 2773 1567 2869 101.
1606 2802 1672 2811 -
1710 2775 1759 2835 2,
1801 2776 1863 2823 13
1904 2773 2180 2824 inutileevc
2216 2775 2459 2839 Bentley,

173 2858 500 2923 inutilesque
533 2860 683 2909 codd.
709 2889 776 2897 ——
802 2864 851 2923 4,
889 2862 920 2909 8
960 2860 1039 2910 bis
1078 2859 1238 2909 trium
1258 2860 1395 2922 edd,
1435 2858 1513 2907 bas
1550 2865 1628 2907 ter
1665 2859 1815 2909 codd.
1854 2865 1907 2908 et
1943 2862 2159 2911 scholia.
2200 2889 2267 2897 --
2307 2863 2357 2924 5,
2398 2864 2465 2911 15

14 2992 29 3035 ἐ
174 2944 447 3008 inplicata
471 2946 588 3008 alii3
627 2946 720 2996 sed
744 2945 970 3011 iulz'yata
996 2947 1158 2996 etiam
1182 2945 1604 3009 Porphyrionem
1632 2946 1823 3009 legisse
1850 2946 2087 2995 scholion
2118 2947 2463 2996 demonstrat.

18 3083 23 3113 ,
177 3032 266 3081 Cf.
297 3030 358 3081 C.
384 3030 475 3092 IV,
508 3035 588 3094 11,
627 3034 676 3082 5.
714 3060 781 3069 ·——
818 3035 868 3095 5,
905 3035 971 3082 87
1008 3049 1162 3097 maga
1198 3049 1303 3081 non
1340 3031 1543 3095 Haupt,
1581 3048 1827 3096 maynum
1863 3032 2013 3081 codd.
2038 3060 2098 3069 —
2125 3033 2173 3095 7,
2212 3034 2275 3081 12
2313 3048 2465 3081 num-

59 3152 61 3155 ·
179 3134 345 3181 quam
383 3119 624 3182 Bentley,
662 3136 907 3182 umquam
942 3120 1091 3168 codd.
1131 3147 1198 3156 —
1238 3121 1318 3180 10,
1359 3122 1424 3167 22
1464 3117 1657 3167 iuverit
1693 3118 1844 3168 codd.
1881 3119 2133 3184 plerique.
2172 3147 2242 3156 —
2276 3121 2359 3183 15,
2400 3123 2465 3169 15

87 3237 93 3258 s
178 3204 375 3267 offensi
413 3203 700 3269 GogaviuS,
746 3210 971 3267 offensae
1010 3206 1156 3256 codd.
1197 3233 1263 3241 —
1303 3207 1384 3267 16,
1427 3207 1490 3253 15
1532 3204 1690 3272 quod]
1746 3202 1876 3268 quid
1914 3205 2063 3255 codd.
2102 3206 2359 3271 plerique.
2396 3234 2465 3242 -

186 3295 272 3355 16,
311 3294 379 3340 33
417 3290 592 3358 ravos]
620 3295 790 3351 flavo-2
827 3293 936 3343 alii.
959 3320 1021 3328 —
1048 3294 1126 3352 16,
1155 3294 1240 3341 41.
1285 3291 1641 3355 Porphyrion:
1681 3292 1807 3341 ordo
1844 3296 1927 3340 est
1960 3284 2225 3341 ‘Oceanus
2267 3292 2465 3341 circum

181 3394 318 3427 arva
351 3378 511 3427 beata
544 3373 746 3442 vagus'.
787 3377 867 3427 Of.
891 3378 948 3429 C.
986 3378 1054 3439 II,
1089 3381 1170 3440 16,
1209 3380 1274 3425 33
1314 3394 1390 3441 sq.
1430 3384 1475 3426 te
1498 3392 1679 3441 ⁴‹Jreyeo
1704 3383 1903 3426 centum
1934 3374 2245 3441 Siculaeque
2270 3376 2468 3427 circum

19 3435 68 3592 k
184 3463 431 3529 muqiunt
462 3480 668 3526 vaccae,
707 3464 758 3515 S.
797 3465 868 3527 II,
906 3467 953 3526 4,
993 3466 1061 3513 84
1098 3470 1144 3513 et
1189 3461 1381 3528 Tyrias
1431 3462 1561 3513 darc
1608 3462 1805 3513 circum
1838 3462 2007 3513 inlota
2054 3462 2251 3512 toralia
2286 3470 2463 3517 vestes,

44 3600 63 3625 Λ,
187 3552 239 3601 S.
262 3549 333 3610 Ἰ,
375 3553 424 3612 5,
464 3552 527 3599 51
578 3564 712 3613 quac
758 3566 917 3614 super
953 3558 1025 3600 est
1065 3549 1235 3599 Caudi
1284 3566 1569 3611 cauponae.
1620 3578 1687 3587 —-
1739 3552 1819 3613 16,
1868 3552 2073 3599 61--62
2122 3549 2297 3600 delevi
2345 3566 2464 3599 cum

18 3624 55 3710 ,J
184 3636 327 3687 aliis,
365 3664 433 3673 —-
472 3636 555 3698 17,
591 3639 657 3685 42
694 3634 804 3685 vice
851 3637 1049 3687 Kelleri
1098 3637 1322 3686 codices.
1362 3664 1429 3673 —
1470 3638 1551 3700 17,
1590 3638 1655 3686 62
1692 3636 1770 3704 si]
1810 3637 1902 3687 sed
1937 3637 2043 3687 alii.
2092 3636 2294 3684 Locum
2344 3652 2464 3684 cum

18 3708 43 3770 ἲ
190 3721 551 3787 Porphyrione
587 3723 663 3771 sic
700 3722 936 3785 explico:
985 3716 1143 3782 ‘Quid
1174 3722 1273 3772 tibi
1307 3722 1539 3787 prodest,
1587 3724 1791 3785 Horati,
1842 3738 2031 3787 magno
2068 3722 2236 3786 pretio
2274 3722 2467 3771 emisse

187 3825 224 3857 a
258 3808 530 3871 Paelignis
568 3808 874 3857 mulieribus
913 3824 1131 3866 venena,
1183 3822 1318 3871 quae
1366 3813 1420 3857 te
1469 3810 1572 3858 cito
1609 3810 1852 3869 liberent,
1904 3810 1950 3859 si
1987 3815 2163 3858 tamen
2200 3823 2307 3856 non
2342 3808 2465 3871 plus

190 3895 373 3943 valent
411 3894 558 3957 meis,
599 3894 786 3957 quibus
825 3895 989 3943 vitam
1026 3901 1171 3942 tuam
1211 3893 1417 3956 longius
1454 3895 1739 3959 producam
1778 3911 1934 3959 quam
1970 3896 2081 3957 ipse
2120 3885 2310 3954 optas'.
2359 3893 2467 3941 Ne-

56 3883 64 3909 l.

62 3911 69 3936 l

66 3943 90 4093 l

89 4115 93 4129 v
