2784 4319
390 249 473 310 46

289 390 369 443 25

288 867 370 921 30

286 1343 371 1400 35

284 1824 371 1878 40

286 2354 368 2410 45

1113 248 1387 298 HORATI
1425 247 1694 298 CARMIN
1701 248 1808 300 ΠΜ

806 385 1297 464 desiderantem,
1346 385 1519 467 quod
1564 387 1719 450 satis
1767 393 1882 465 est,
1929 407 2138 470 neque

804 471 1268 535 tumultuosum
1312 471 1619 536 sollicitat
1662 493 1838 536 mare
2200 502 2202 504 ’

890 577 1009 620 nec
1054 577 1279 622 saevus
1322 557 1580 620 Arcturi
1627 558 1914 622 cadentis

978 643 1253 725 impetus
1299 649 1414 707 aut
1457 644 1719 708 orientis
1765 643 1993 721 Haedi,

801 798 931 842 non
974 777 1348 844 verberatae
1392 779 1704 862 grandine
1749 781 1970 844 vineae

802 863 1166 946 fundusque·
1196 866 1501 944 >mendam
1547 865 1778 930 arbore
1822 887 1989 930 nunc
2037 886 2240 948 aquas

768 975 775 980 ·
888 949 1207 1032 culpante,
1251 972 1422 1014 nunc
1464 952 1778 1015 torrentia
1821 973 2008 1032 agros

977 1036 1207 1115 sidera,
1254 1057 1422 1099 nunc
1465 1035 1708 1100 hiemes
1754 1037 2022 1118 iniquas,

801 1179 1133 1238 contracta
1175 1173 1382 1257 pisces
1429 1194 1710 1254 aequora
1755 1175 2037 1237 sentiunt

740 1270 746 1278 ’
800 1259 986 1323 iactis
1031 1260 1097 1324 in
1142 1258 1341 1323 altum
1384 1257 1690 1323 molibus:
1733 1258 1860 1322 huc
1903 1258 2204 1340 frequens

888 1351 1223 1409 caementa
1268 1345 1550 1409 demittit
1592 1344 1963 1427 redemptor

975 1453 1119 1493 cum
1162 1429 1418 1494 famulis
1464 1431 1883 1510 dominusque
1930 1436 2142 1494 terrae

800 1565 1201 1632 fastidiosus:
1247 1567 1362 1631 sed
1407 1566 1624 1630 Timor
1668 1574 1734 1630 et
1777 1567 1989 1630 Minae

806 1651 1121 1719 scandunt
1165 1653 1411 1733 eodem,
1458 1672 1583 1734 quo
1630 1652 1942 1730 dominus,
1989 1673 2198 1733 neque

892 1737 1147 1802 decedit
1190 1744 1414 1803 aerata
1457 1738 1702 1801 triremi
1746 1743 1814 1801 et

974 1829 1122 1906 post
1166 1825 1446 1906 equitem
1491 1823 1674 1888 sedet
1716 1828 1857 1887 atra
1904 1822 2088 1888 Cura.

799 1961 1028 2042 quodsi
1073 1961 1397 2025 dolentem
1441 1981 1560 2025 nec
1603 1960 1912 2043 Phrygius
1957 1961 2122 2043 lapis

802 2065 920 2109 nec
963 2067 1391 2129 purpurarum
1435 2047 1644 2110 sidere
1690 2045 1924 2110 clarior

888 2131 1130 2197 delenit
1172 2152 1323 2197 usus
1369 2152 1488 2196 nec
1531 2131 1806 2197 Falerna

974 2219 1121 2281 vitis
1164 2218 1790 2300 Achaemeniumque
1837 2225 2116 2301 costum:

803 2374 917 2419 cur
958 2354 1313 2418 invidendis
1358 2356 1648 2435 postibus
1695 2362 1760 2419 et
1803 2377 1966 2421 novo

800 2438 1069 2504 sublime
1113 2441 1243 2504 ritu
1285 2440 1520 2515 moliar
1555 2442 1787 2505 atrium
1803 2442 1834 2505 ’ἓ

891 2546 1004 2588 cur
1045 2524 1209 2589 valle
1252 2533 1608 2608 permutem
1654 2526 1892 2592 Sabina

973 2610 1225 2676 divitias
1272 2613 1718 2695 operosiores?

1481 2905 1574 2979 Π.

796 3142 1148 3224 Angustam
1194 3143 1396 3206 amice
1442 3142 1810 3222 pauperiem
1855 3141 1992 3222 pati

800 3228 1098 3293 robustus
1143 3228 1276 3291 acri
1320 3226 1549 3289 militia
1591 3247 1751 3306 puer

885 3314 1233 3391 condiscat,
1281 3319 1347 3375 et
1388 3310 1659 3375 Parthos
1705 3311 1949 3375 feroces

969 3403 1157 3462 vexet
1202 3417 1395 3477 eques
1441 3398 1816 3461 metuendus
1862 3398 2066 3475 hasta,

796 3537 1117 3616 vitamque
1164 3534 1280 3598 sub
1328 3534 1472 3597 divo
1521 3541 1585 3597 et
1628 3536 1894 3616 trepidis
1941 3540 2093 3615 agat

796 3621 863 3685 in
906 3621 1113 3685 rebus,
1158 3620 1336 3683 illum'
1384 3640 1464 3683 ex
1505 3620 1834 3701 moenibus
1877 3619 2144 3683 hosticis

882 3711 1177 3769 matrona
1217 3704 1516 3769 bellantis
1560 3707 1810 3787 tyranni

968 3793 1361 3874 prospiciens
1410 3797 1474 3855 et-
1518 3792 1737 3854 adulta
1786 3792 1958 3873 virgo
