2784 4319
32 2552 45 2795 ἒ

29 2802 42 3086 f

1027 210 1162 261 LIB.
1201 211 1243 257 I.
1281 218 1513 257 xv—xvt

241 340 561 405 scribetur
604 342 722 407 tibi
765 344 972 410 forma
1015 347 1372 429 loquaciter
1418 357 1483 413 et
1528 350 1687 415 situs
1735 350 1891 433 agri.

241 428 532 491 continui
575 434 822 495 montes
868 433 924 495 si
968 432 1392 498 dissocientur
1437 456 1643 517 opaca

237 513 424 592 valle,
470 514 584 577 sed
627 520 700 577 ut
743 518 1002 583 veniens
1047 520 1342 586 dextrum
1386 522 1554 587 latus
1600 522 1875 604 aspiciat
1922 520 2052 600 Sol,

236 599 494 663 laevum
537 600 872 667 discedens
917 625 1108 669 curru
1152 607 1435 689 fugiente
1481 614 1769 690 vaporet,

235 686 617 767 temperiem
660 687 903 753 laudes,
949 692 1123 772 quid,
1169 693 1226 757 si
1269 694 1627 758 rubicunda
1670 694 1931 775 benigni

237 792 440 836 corna
485 793 706 854 vepres
751 780 818 839 et
859 797 1066 858 pruna
1109 778 1368 843 ferant?
1414 781 1468 843 si
1514 801 1786 861 quercus
1836 785 1901 843 et
1947 778 2077 842 ilex

237 857 444 921 multa
485 857 666 939 fruge
711 880 926 942 pecus,
971 864 1174 929 multa
1219 866 1547 930 dominum
1591 868 1766 930 iuvet
1809 866 2088 929 umbra?

235 944 418 1007 dicas
465 944 810 1011 adductum
855 950 1116 1031 propius
1163 950 1462 1016 frondere
1508 952 1875 1017 Tarentum.

239 1028 382 1093 fons
428 1031 620 1094 etiam
664 1033 798 1097 rivo
845 1035 999 1099 dare
1046 1058 1278 1101 nomen
1321 1039 1609 1117 idoneuS‚
1654 1045 1727 1102 ut
1772 1058 1891 1101 nec

236 1115 532 1197 frigidior
575 1116 887 1184 Thracam
933 1142 1049 1185 nec
1093 1125 1314 1205 purior
1357 1124 1603 1189 ambiat
1647 1124 1923 1203 HebruS‚

239 1200 495 1265 infirmo
541 1206 736 1285 capiti
779 1204 920 1270 fluit
963 1208 1158 1285 utilis,
1205 1210 1380 1275 utilis
1429 1210 1592 1275 alvo.

238 1288 360 1351 hae
406 1288 694 1355 latebrae
741 1292 977 1373 dulceS,
1027 1294 1241 1374 etiam,
1289 1298 1344 1360 si
1390 1297 1618 1375 credis,
1666 1316 1995 1373 amoenae,

237 1373 624 1439 incolumem
666 1376 787 1453 tibi
829 1397 932 1444 me
977 1385 1314 1461 praestant
1359 1381 1845 1465 Septembribus
1891 1382 2087 1445 horis.

236 1464 312 1523 tu
354 1466 531 1527 recte
576 1462 750 1544 vivis,
799 1465 853 1529 si
897 1486 1083 1531 curas
1130 1487 1270 1533 esse
1316 1470 1491 1550 quod
1536 1469 1739 1533 audis.

236 1546 572 1611 iactamus·
595 1548 722 1612 iam
766 1550 1015 1632 pridem
1061 1554 1262 1617 omnis
1307 1558 1372 1617 te
1419 1555 1623 1619 Roma
1666 1555 1959 1619 beatum:

237 1633 356 1696 sed
402 1654 643 1715 vereor,
691 1656 771 1699 ne
818 1638 920 1701 cui
965 1638 1046 1703 de
1091 1645 1156 1703 te
1201 1640 1346 1721 plus
1394 1660 1585 1721 quam
1630 1640 1749 1704 tibi
1797 1640 2044 1718 credam,

237 1739 397 1781 neve
446 1726 636 1801 putes
683 1722 877 1785 alium
923 1726 1211 1805 sapiente
1257 1726 1553 1807 bonoque
1598 1726 1881 1803 beatum,

244 1825 389 1884 neu,
437 1806 491 1870 si
534 1811 602 1871 te
645 1808 917 1889 populus
964 1832 1188 1873 sanum
1231 1818 1533 1893 recteque
1578 1813 1897 1875 valentem

245 1890 522 1971 dictitet,
570 1894 886 1958 occultam
932 1895 1176 1960 febrem
1221 1897 1340 1962 sub
1385 1904 1639 1979 tempus
1688 1897 1921 1962 edendi

243 1976 628 2060 dissimules,
678 1981 881 2045 donec
927 1983 1220 2047 manibus
1266 1990 1511 2047 tremor
1554 1985 1797 2047 incidat
1841 1983 2073 2047 unctis.

237 2064 590 2129 stultorum
635 2066 930 2131 incurat-a
971 2069 1183 2149 pudor
1223 2070 1431 2135 malus
1475 2070 1696 2135 ulcera
1740 2068 1929 2133 celat.

240 2151 294 2214 si
361 2152 504 2233 quis
546 2151 719 2218 bella
761 2153 880 2218 tibi
921 2161 1096 2219 terra
1140 2164 1426 2238 pugnata
1468 2158 1757 2239 marique

243 2237 418 2300 dicat
470 2243 536 2301 et
577 2239 678 2304 his
722 2240 932 2304 verbis
977 2263 1212 2306 vacuas
1256 2244 1655 2325 permulceat
1700 2263 1921 2306 aures:

237 2316 411 2388 ‘tene
457 2325 659 2406 magis
706 2327 948 2390 salvum
992 2329 1264 2425 populus
1310 2329 1482 2408 velit,
1530 2352 1613 2393 an
1658 2329 1965 2410 populum
2024 2334 2115 2408 tu,

241 2416 456 2474 servet
494 2412 560 2474 in
605 2413 921 2495 ambiguo,
969 2433 1077 2495 qui
1125 2416 1406 2478 consulit
1453 2420 1518 2479 et
1563 2414 1682 2479 tibi
1730 2420 1795 2479 et
1840 2414 2003 2493 urbi,

239 2490 565 2578 Iuppiter,’
613 2498 882 2582 August-i
927 2499 1149 2564 laudes
1197 2501 1597 2582 adgnoscere
1643 2501 1886 2583 possis:

240 2604 385 2647 cum
428 2584 670 2665 pateris
715 2587 970 2667 sapiens
1017 2587 1519 2668 emendatusque
1572 2588 1806 2664 vocari,

241 2670 674 2750 respondesne
718 2676 850 2750 tu0,
901 2672 1003 2735 dic
1049 2673 1255 2751 sodeS,
1302 2674 1606 2736 nomine?
1646 2667 1903 2754 ‘nempe

239 2757 333 2818 vir
378 2754 582 2820 bonus
628 2761 694 2821 et
738 2757 1022 2839 prudens
1068 2758 1196 2822 dici
1242 2759 1532 2823 delector
1576 2779 1693 2841 ego
1740 2780 1818 2823 ac
1862 2751 1974 2822 tu'.

237 2843 347 2921 qui
394 2841 574 2905 dedit
618 2842 740 2906 hoc
787 2843 997 2922 hodie,
1046 2865 1206 2922 craS,
1253 2847 1308 2908 si
1352 2845 1542 2925 volet,
1590 2844 1858 2924 auferet,
1905 2849 1976 2907 ut
2025 2844 2080 2908 si

237 2927 540 2991 detulerit
584 2927 790 2994 fasces
842 2929 1122 3013 indignO,
1171 2931 1469 2996 detrahet
1512 2932 1703 2996 idem.

231 3005 444 3094 ‘pone,
491 3035 702 3078 meum
748 3013 865 3079 est'
912 3016 1146 3097 inquit:
1193 3038 1365 3097 pono
1414 3017 1745 3098 tristisque
1792 3017 2055 3080 recedo,

234 3099 406 3163 idem
451 3101 506 3164 si
552 3100 786 3164 clamet
829 3101 1050 3180 furem,
1097 3109 1290 3183 neget
1335 3124 1474 3166 esse
1524 3105 1844 3184 pudicum,

236 3187 584 3261 contendat
626 3187 856 3269 laqueo
905 3187 1138 3251 collum
1182 3191 1492 3268 pressisse
1541 3195 1901 3271 paternum,

236 3272 537 3339 mordear
580 3273 938 3354 obprobriis
983 3272 1160 3338 falsis
1207 3281 1574 3355 mutemque
1624 3275 1923 3340 colores?
1992 3291 1996 3296 ’

235 3357 435 3422 falsus
480 3358 686 3423 honor
728 3361 904 3424 iuvat
949 3365 1015 3424 et
1060 3360 1336 3424 mendax
1379 3360 1648 3425 infamia
1695 3366 1903 3425 terret

2293 214 2415 273 185

2438 870 2519 923 10

2442 1300 2519 1352 15

2331 1728 2522 1782 ⁰20

231 3465 428 3547 ‘quem
450 3444 575 3510 nisi
596 3444 974 3510 mendosum
997 3451 1063 3510 et
1093 3447 1591 3510 medicandum?
1632 3447 1730 3511 vir
1755 3448 1962 3512 bonus
1990 3455 2089 3512 est
2116 3449 2258 3528 quis
2276 3448 2311 3510 ἱ)

261 3532 372 3610 qui
415 3532 707 3596 consulta
748 3537 1023 3613 patrum,
1071 3533 1180 3614 qui
1222 3532 1399 3614 leges
1444 3535 1711 3615 iuraque
1771 3539 2005 3614 servat,

239 3636 366 3696 quo
409 3616 652 3682 multae
697 3638 1094 3700 magnaeque
1139 3625 1441 3683 secantur
1483 3619 1695 3683 iudice
1750 3619 1917 3698 lites,

241 3722 366 3782 quo
411 3724 514 3768 res
560 3724 866 3785 sponsore
914 3709 979 3768 et
1024 3725 1149 3786 quo
1198 3727 1429 3769 causae
1474 3711 1641 3770 teste
1686 3698 2031 3770 tenentur'.

241 3789 354 3852 sed
396 3790 574 3854 videt
617 3789 784 3886 hunc
831 3791 1035 3854 omnis
1081 3791 1309 3856 domus
1357 3797 1423 3855 et
1466 3792 1698 3856 vicinia
1746 3798 1887 3858 tota

2440 2161 2523 2214 25

2440 2587 2523 2643 30

2441 3020 2522 3074 35

2439 3451 2520 3505 40
