2784 4319
305 867 384 922 10

304 1328 382 1383 15

305 1790 384 1846 20

301 3282 380 3335 10

279 3742 382 3797 ’15

1191 261 1466 312 HORATI
1503 262 1886 312 CARMINUM

816 398 962 460 vino
1009 402 1076 460 et
1117 397 1392 460 lucernis
1438 397 1663 466 Medus
1710 403 2003 466 acinaces

817 483 1071 546 inmane
1117 481 1427 564 quantum
1471 486 1825 568 discrepat·
1870 487 2115 568 inpium

905 567 1098 632 lenite
1146 567 1509 651 clamorem,
1557 573 1830 652 sodales,

991 659 1056 716 et
1100 654 1313 718 cubito
1359 665 1686 722 remanete
1732 678 1972 740 presso,

817 773 1003 836 voltis
1050 776 1251 838 severi
1295 797 1397 840 me
1442 798 1695 858 quoque
1742 799 1991 842 sumere

817 865 1068 940 partem
1110 860 1162 923 F
1164 859 1411 924 alerni‘?
1456 864 1630 928 dicat
1674 863 1992 945 Opuntiae

902 945 1103 1009 frater
1143 946 1477 1030 Megyllae,
1523 970 1648 1030 quo
1693 950 1921 1014 beatus

988 1032 1262 1112 volnere,
1310 1054 1438 1114 qua
1480 1041 1707 1116 pereat
1750 1037 2003 1117 sagitta.

817 1158 1028 1215 cessat
1068 1152 1410 1216 voluntas?
1454 1175 1583 1217 non
1628 1153 1757 1218 alia
1800 1155 2018 1218 bibam

814 1239 1127 1301 mercede.
1175 1259 1338 1320 quae
1382 1244 1449 1303 te
1497 1261 1765 1321 cumque
1813 1240 2033 1304 domat
2076 1239 2317 1317 Venus,

899 1344 1028 1387 non
1075 1324 1523 1389 erubescendis
1568 1326 1781 1388 adurit
1860 1331 1867 1336 ’

985 1409 1237 1489 ignibus
1281 1411 1685 1493 ingenuoque
1731 1431 1985 1493 semper

815 1549 1032 1596 amore
1076 1549 1326 1610 peccas.
1373 1530 1685 1612 quidquid
1728 1531 1949 1610 habeS,
1997 1551 2115 1612 age

815 1614 1063 1695 depone
1109 1616 1264 1680 tutis
1309 1615 1589 1680 auribus
1636 1638 1676 1680 a
1719 1618 1931 1695 miser,

902 1706 1144 1781 quanta
1186 1700 1445 1765 laboras
1489 1703 1555 1764 in
1602 1701 1943 1784 Charybdi,

991 1787 1182 1868 digne
1225 1808 1387 1869 puer
1432 1789 1694 1886 meliore
1739 1787 2031 1852 flamma!

815 1928 978 1988 quae
1025 1927 1198 1988 saga,
1244 1907 1388 2004 quis
1432 1913 1497 1970 te
1544 1908 1789 1972 solvere
1834 1906 2154 1971 Thessalis

814 2014 1036 2090 magus
1081 1993 1358 2072 venenis,
1406 1995 1547 2076 quis
1591 1994 1832 2074 poterit
1876 1993 2081 2058 deus?

897 2079 1003 2143 vix
1045 2078 1379 2161 inligatum
1424 2085 1489 2141 te
1533 2079 1811 2142 triformi

985 2165 1266 2247 Pegasus
1312 2166 1612 2247 expediet
1656 2164 2010 2230 Chimaera.

1241 2334 1254 2343 ¹
1345 2309 1709 2385 XXVIII.
1788 2374 1791 2379 .

609 2437 698 2503 Te
741 2439 934 2505 maris
979 2445 1047 2505 et
1087 2445 1300 2504 terrae
1342 2459 1736 2519 numeroque
1782 2438 2057 2503 carentis
2102 2438 2389 2503 harenae

777 2548 1138 2591 mensorem
1182 2525 1500 2603 cohibent,
1545 2524 1845 2608 Archyta,

608 2610 884 2692 pulveris
931 2613 1141 2695 exigui
1182 2632 1384 2709 prope
1430 2610 1581 2673 litus
1626 2631 1825 2692 parva
1868 2610 2183 2673 Matinum

779 2720 1062 2779 munera,
1109 2720 1227 2761 nec
1272 2698 1615 2778 quicquam
1659 2696 1778 2760 tibi
1822 2696 2090 2778 prodest

608 2818 816 2883 acrias
859 2823 1208 2899 temptasse
1253 2818 1477 2880 domos
1522 2816 1861 2898 animoque
1905 2816 2251 2880 rotundum

779 2904 1168 2985 percurrisse
1211 2902 1432 2984 polum
1475 2903 1801 2965 morituro,

609 2990 846 3053 occidit
889 2995 955 3053 et
995 2988 1250 3071 Pelopis
1297 2988 1565 3069 genitor,
1614 2988 1876 3051 conviva
1920 2987 2205 3071 deorum,

781 3074 1217 3155 Tithonusque
1261 3078 1545 3137 remotus
1590 3074 1657 3135 in
1702 3094 1891 3137 auras

605 3200 675 3259 et
713 3194 883 3259 Iovis
926 3194 1176 3257 arcanis
1221 3193 1429 3256 Minos
1474 3192 1808 3272 admissus,
1852 3192 2220 3273 habentque

780 3280 1054 3344 Tartara·
1095 3279 1497 3343 Panthoiden
1541 3279 1775 3342 iterum
1819 3277 1985 3342 Orco

609 3366 975 3445 demissum,
1021 3365 1306 3446 quamvis
1353 3364 1559 3445 clipeo
1608 3364 1887 3433 Troiana
1929 3362 2127 3428 refixo

780 3452 1074 3533 tempora
1116 3455 1389 3515 testatus
1434 3450 1593 3513 nihil
1634 3448 1805 3513 ultra

606 3583 836 3628 nervos
880 3568 1074 3643 atque
1120 3567 1330 3639 cutem
1373 3562 1568 3625 morti
1612 3565 2017 3625 concesserat
2059 3563 2259 3636 atrae,

780 3648 991 3712 iudice
1035 3653 1100 3711 te
1142 3667 1272 3712 non
1315 3639 1613 3711 sordidus
1658 3653 1884 3711 auctor

608 3732 878 3799 naturae
920 3734 1198 3814 verique.
1243 3732 1358 3797 sed
1404 3752 1623 3797 omnes
1665 3754 1793 3795 una
1837 3734 2054 3794 manet
2093 3748 2221 3791 nox

787 3825 852 3883 et
897 3819 1206 3884 calcanda
1251 3819 1451 3882 semel
1494 3820 1596 3881 via
1640 3818 1773 3882 leti.
