2784 4319
395 293 476 356 56

294 602 372 658 15

296 1063 375 1117 20

297 1555 376 1611 25

305 2904 383 2958 10

306 3363 384 3418 15

297 3822 386 3877 20

1187 292 1464 342 HORATI
1501 292 1886 342 CARMINUM

879 447 1075 506 sume,
1121 427 1480 505 Maecenas,
1527 427 1789 511 cyathos
1835 428 2024 492 amici

876 513 1135 593 sospitis
1181 516 1456 592 eentum,
1504 517 1570 576 et
1613 513 1834 594 vigiles
1877 513 2175 580 lucernas

877 595 1096 682 perfer
1136 597 1204 661 in
1245 597 1489 662 lucem:
1532 598 1757 678 procul
1800 599 2006 663 omnis
2054 606 2193 666 esto

1054 681 1297 746 clamor
1340 689 1408 746 et
1450 684 1564 746 ira.

881 802 1065 866 mitte
1111 801 1327 864 civiles
1372 822 1565 882 super
1608 802 1764 865 urbe
1812 822 2030 868 curas:

880 887 1116 950 occidit
1158 887 1319 951 Daci
1365 885 1682 951 Cotisonis
1727 909 1977 969 agmen,

876 971 1103 1037 Medus
1148 972 1416 1036 infestus
1461 973 1583 1037 sibi
1625 972 1932 1037 luctuosis

1053 1057 1323 1121 dissidet
1365 1059 1579 1135 armiS,

878 1178 1075 1240 servit
1116 1177 1441 1258 Hispanae
1485 1182 1666 1240 vetus
1710 1176 1912 1240 hostis
1959 1197 2111 1242 orae

882 1261 1206 1327 Cantaber
1249 1283 1392 1326 sera
1438 1261 1714 1325 domitus
1761 1267 2008 1341 catena,

878 1348 1003 1412 iam
1052 1347 1326 1430 Scythae
1370 1347 1516 1411 laxo
1563 1348 1962 1411 meditantur
2005 1369 2161 1412 arcu

1051 1433 1280 1497 cedere
1328 1433 1587 1514 campis

880 1549 1239 1632 neglegenS,
1286 1571 1367 1613 ne
1413 1571 1540 1632 qua
1583 1550 1856 1632 populus
1902 1551 2175 1632 laboret,

877 1657 1072 1718 parce
1115 1636 1402 1716 privatus
1447 1637 1710 1700 nimium
1756 1657 2013 1715 cavere3

880 1722 1050 1785 dona
1092 1723 1450 1802 praesentis
1497 1742 1654 1802 cape
1697 1721 1906 1786 laetus
1950 1722 2168 1802 horae,

1051 1807 1267 1888 linque
1312 1828 1551 1871 severa.

1374 1945 1497 2017 IX.

708 2061 929 2126 Donec
974 2067 1193 2143 gratus
1240 2082 1418 2124 eram
1461 2061 1582 2126 tibi

882 2155 1001 2211 ne'c
1047 2148 1384 2229 quisquam
1427 2147 1644 2228 potior
1684 2147 1986 2214 bracchia
2031 2147 2344 2213 candidae

712 2234 943 2297 cervici
986 2234 1229 2296 iuvenis
1275 2233 1493 2309 dabat,

883 2317 1225 2383 Persarum
1268 2319 1440 2399 vigui
1483 2338 1634 2400 rege
1677 2318 1947 2399 beatior.

704 2438 937 2502 ‘donec
980 2458 1111 2500 non
1155 2437 1282 2501 alia
1325 2438 1530 2519 magis

882 2523 1096 2587 arsisti
1138 2543 1345 2603 neque
1391 2529 1532 2585 erat
1575 2523 1777 2606 Lydia
1819 2530 1968 2605 post
2014 2520 2274 2602 Chloen,

710 2608 896 2673 multi
940 2608 1143 2690 Lydia
1187 2610 1460 2671 nominis

881 2694 1172 2757 Romana
1215 2694 1387 2776 vigui
1434 2676 1666 2759 claricr
1707 2693 1867 2759 Ilia'.

710 2832 813 2879 1110
854 2833 1025 2876 nunc
1069 2812 1343 2876 Tlffessa
1388 2811 1586 2876 Chloe
1631 2815 1815 2895 regit,

884 2896 1103 2961 dulces
1150 2898 1342 2961 docta
1385 2899 1610 2962 modos
1656 2905 1721 2962 et
1766 2897 2050 2962 citharae
2097 2897 2323 2976 3010113,

710 3004 831 3067 pro
879 3003 1006 3064 qua
1051 3006 1178 3046 non
1222 2989 1504 3047 metuam
1550 2985 1730 3061 111011,

886 3070 941 3133 31
983 3074 1254 3150 parcent
1296 3070 1548 3133 animae
1594 3069 1730 3132 fata
1775 3068 2122 3150 superstiti.

708 3188 833 3251 ‘me
877 3192 1084 3252 torret
1125 3186 1265 3250 face
1310 3192 1534 3249 mutua

886 3272 1151 3337 Thurini
1197 3270 1409 3334 Calais
1454 3270 1621 3333 filius
1668 3271 1912 3355 Ornyti,

710 3378 829 3442 pro
876 3377 1003 3440 quo
1048 3357 1147 3422 bis
1191 3357 1408 3438 patiar
1449 3357 1632 3434 mori,

886 3444 939 3507 si
983 3447 1253 3524 parcent
1295 3462 1494 3522 puero
1540 3440 1675 3505 fata
1721 3388 2089 3524 superstiti.

713 3561 869 3644 quid
914 3560 970 3625 si
1011 3560 1227 3641 prisca
1269 3559 1442 3623 redit
1484 3560 1718 3641 VenuS,

887 3644 1308 3725 diductosque
1353 3646 1503 3727 iugo
1551 3648 1726 3729 cogit
1767 3651 2016 3713 aeneo?

713 3732 770 3796 si
811 3730 978 3794 flava
1022 3731 1340 3793 excutitur
1385 3729 1602 3811 Chloe,

886 3817 1294 3897 reiectaeque
1337 3822 1524 3900 patet
1566 3818 1762 3881 ianua
1803 3816 2091 3899 Lydiae?
