2784 4319
1123 255 1295 298 xil—x
1304 255 1337 293 V

1126 383 1329 458 XIV.

292 555 511 620 Mollis
554 555 789 618 inertia
833 575 946 617 cur
988 560 1239 618 tantam
1282 553 1611 620 diffuderit
1653 553 1797 618 imis

474 641 855 706 oblivionem
899 640 1206 718 sensibuS,

290 727 534 810 pocula
574 727 892 790 Lethaeos
936 732 1008 790 ut
1052 727 1108 790 si
1150 725 1455 791 ducentia
1497 747 1753 791 somnos

474 819 695 877 arente
741 812 924 876 fauce
969 813 1295 892 traxerim,

291 898 572 964 candide
616 897 975 978 Maecenas,
1023 898 1261 962 occidis
1307 919 1500 980 saepe
1547 899 1864 980 rogando:

477 985 652 1064 deus,
700 985 855 1049 deus
899 1006 1049 1048 nam
1092 1005 1193 1048 me
1237 989 1416 1048 vetat

288 1074 589 1153 inceptos
634 1071 804 1147 olim,
849 1071 1230 1152 promissum
1276 1092 1553 1152 carmen,
1600 1071 1846 1134 iambos

476 1157 561 1222 ad
602 1157 975 1221 umbilicum
1019 1156 1357 1220 adducere.

288 1265 430 1308 non
474 1243 663 1307 aliter
706 1241 931 1308 Samio
966 1243 1189 1306 dicunt
1230 1245 1465 1308 arsisse
1507 1241 1804 1324 Bathyllo

470 1330 879 1393 Anacreonta
920 1328 1162 1408 Teium,

291 1416 411 1498 qui
453 1435 763 1497 persaepe
809 1435 965 1478 cava
1008 1415 1329 1478 testudine
1372 1411 1549 1478 flevit
1593 1434 1875 1478 amorem

473 1523 602 1566 non
648 1500 1047 1566 elaboratum
1092 1501 1176 1564 ad
1220 1501 1469 1582 pedem.

287 1588 505 1652 ureris
548 1589 687 1669 ipse
732 1588 952 1650 miser:
1000 1585 1230 1667 quodsi
1272 1608 1402 1649 non
1445 1586 1771 1667 pulchrior
1811 1585 1976 1666 ignis

472 1672 768 1738 accendit
812 1673 1137 1737 obsessam
1179 1672 1361 1750 Ilion,

290 1760 510 1842 gaude
556 1765 727 1823 sorte
772 1763 915 1838 tua3
960 1780 1062 1822 me
1104 1758 1410 1823 libertina
1449 1777 1571 1822 nee
1611 1777 1739 1820 uno

472 1849 777 1909 contenta
818 1844 1067 1927 Phryne
1112 1851 1416 1908 macerat.

1156 2035 1316 2107 XV.

286 2190 443 2255 Nox
488 2193 630 2253 erat
672 2194 741 2252 et
785 2188 963 2252 caelo
1008 2188 1296 2271 fulgebat
1340 2190 1493 2253 luna
1535 2209 1763 2253 sereno

474 2276 643 2338 inter
684 2274 933 2338 minora
978 2275 1210 2353 sidera,

291 2383 445 2426 cum
489 2366 580 2439 tu,
624 2382 999 2442 magnorum
1044 2382 1277 2425 numen
1320 2360 1576 2425 laesura
1620 2361 1903 2439 deorum,

472 2448 539 2509 in
582 2445 777 2509 verba
820 2446 1077 2510 iurabas
1122 2466 1284 2525 mea,

296 2533 503 2597 artius
550 2537 743 2612 atque
786 2531 1027 2595 hedera
1070 2553 1340 2613 procera
1384 2534 1804 2614 adstringitur
1847 2533 1992 2611 ilex,

472 2618 661 2681 lentis
708 2617 1063 2681 adhaerens
1110 2618 1446 2698 bracchiiS,

297 2704 453 2767 dum
497 2704 713 2785 pecori
756 2703 942 2784 lupus
987 2706 1027 2785 †
1074 2710 1139 2767 et
1180 2706 1394 2768 nautis
1436 2704 1706 2767 infestus
1751 2702 1946 2767 Orion

472 2789 765 2853 turbaret
807 2789 1142 2853 hibernum
1185 2811 1381 2865 mare,

296 2876 712 2956 intonsosque
759 2876 1035 2956 agitaret
1077 2874 1388 2956 Apollinis
1435 2896 1594 2939 aura
1638 2873 1922 2956 capillos,

472 2961 609 3024 fore
652 2960 821 3025 hunc
864 2982 1148 3024 amorem
1191 2968 1498 3025 mutuum.

296 3068 336 3111 o
386 3046 665 3110 dolitura
706 3064 852 3109 mea
894 3046 1164 3110 multum
1204 3047 1441 3112 virtute
1484 3047 1766 3111 Neaera!

470 3154 620 3196 nam
664 3134 717 3195 si
763 3133 914 3213 quid
961 3133 1026 3195 in
1070 3132 1302 3196 Flacco
1348 3134 1467 3196 viri
1513 3138 1629 3213 est,

298 3239 428 3281 non
473 3218 637 3281 feret
680 3218 980 3281 adsiduas
1024 3219 1260 3299 potiori
1304 3224 1370 3282 te
1418 3219 1574 3282 dare
1619 3223 1858 3295 noctes,

474 3309 538 3367 et
582 3309 849 3385 quaeret
890 3305 1093 3367 iratus
1134 3324 1376 3386 parem,

298 3410 420 3452 nec
464 3390 659 3453 semel
704 3388 927 3453 offensi
972 3390 1159 3454 cedet
1203 3391 1567 3455 constantia
1609 3390 1871 3467 formae,

474 3476 527 3539 si
568 3482 782 3539 certus
826 3476 1082 3539 intrarit
1125 3476 1326 3540 dolor.

305 3565 374 3623 et
415 3565 501 3639 tu,
548 3562 927 3643 quicumque
973 3583 1040 3625 es
1084 3561 1333 3626 felicior
1377 3566 1572 3643 atque
1615 3582 1758 3625 meo
1802 3581 1970 3625 nuno

474 3647 782 3728 superbus
824 3646 1069 3711 incedis
1113 3648 1303 3728 malo,

308 3731 395 3793 sis
435 3752 662 3813 pecore
708 3737 774 3796 et
817 3732 1019 3797 multa
1062 3732 1238 3797 dives
1285 3733 1514 3797 tellure
1559 3732 1796 3810 licebit,

474 3819 715 3900 tibique
760 3818 1057 3884 Pactolus
1102 3818 1279 3896 fluat,

2243 243 2361 305 107

2387 1329 2466 1382 10

2386 1761 2459 1815 15

2384 2967 2462 3019 10

2379 3824 2460 3877 20
