2784 4319
392 231 473 290 44

292 457 388 520 30.

296 1815 369 1870 10

292 2282 371 2336 15

290 2744 369 2797 20

1183 227 1462 278 HORATI
1499 226 1880 278 CARMINUM

806 367 872 427 te
917 363 1077 428 vidit
1119 364 1335 428 insons
1382 363 1694 453 Cerberus
1741 384 1934 428 aureo
2019 359 2050 383 ’“

809 469 1006 513 cornu
1052 449 1374 529 decorum,
1420 451 1652 514 leniter
1695 456 1978 514 atterens

894 535 1183 614 caudam,
1231 543 1319 610 et·
1338 536 1700 600 recedentis
1745 536 2030 618 trilingui

981 642 1089 684 ore
1134 622 1331 702 pedes
1376 623 1715 704 tetigitque
1762 643 1965 685 crura.

805 965 949 1030 Non
992 967 1232 1030 usitata
1275 986 1394 1028 nec
1439 966 1618 1030 tenui
1660 965 1832 1028 ferar

806 1072 1017 1134 penna
1061 1051 1349 1116 biformis
1394 1071 1512 1132 per
1553 1049 1866 1132 liquidum
1911 1049 2176 1116 aet-hera

892 1145 1089 1216 vates,
1136 1157 1343 1219 neque
1387 1139 1456 1200 in
1499 1138 1688 1201 terris
1733 1137 2035 1200 morabor

979 1225 1251 1306 longius,
1298 1223 1664 1306 invidiaque
1709 1224 1916 1286 maior

806 1345 995 1408 urbes
1038 1345 1416 1425 relinquam.
1461 1345 1590 1406 non
1636 1364 1760 1426 ego
1798 1335 2154 1424 pauperum

704 1469 711 1474 ν
806 1433 1063 1512 sanguis
1106 1436 1464 1512 parentum,
1509 1450 1640 1492 non
1684 1449 1804 1511 ego
1849 1449 2038 1510 quem
2081 1447 2294 1507 vocas»,

893 1517 1124 1580 dilecte
1170 1515 1529 1594 Maecenas,
1577 1515 1788 1595 obi-bc,
1855 1527 1864 1534 “

976 1623 1095 1666 nec
1140 1601 1361 1685 Stygia
1408 1601 1756 1665 cohibebor
1799 1601 1989 1664 unda.
2079 1621 2088 1629 ·

806 1723 935 1784 iam
978 1723 1107 1785 iam
1152 1720 1442 1785 residunt
1487 1722 1774 1785 cruribus
1821 1739 2088 1802 asperae

804 1807 1005 1890 pelles
1052 1813 1118 1871 et
1161 1807 1378 1872 album
1423 1813 1638 1871 mutor
1680 1808 1746 1869 in
1792 1807 2012 1870 alitem

892 1914 1164 1974 superne
1208 1899 1681 1975 nascunturque
1725 1892 1898 1956 leves
2171 1967 2176 1970 ¹

974 2001 1093 2060 per
1138 1979 1371 2060 digitos
1415 1999 1799 2060 umerosque
1843 1978 2118 2059 plumae.

805 2101 933 2179 iam
976 2098 1303 2165 Daedaleo
1349 2100 1566 2163 notior
1605 2099 1789 2163 Icaro

803 2186 1004 2252 visam
1051 2186 1361 2268 gementis
1406 2186 1600 2250 litora
1643 2185 1916 2267 Bospori

892 2272 1232 2356 Syrtesq'ue
1278 2271 1586 2336 Gaetulas
1633 2292 1903 2335 canorus
1949 2301 1954 2307 ·

869 2414 875 2419 .
978 2358 1111 2421 ales
1155 2358 1729 2440 Hyperboreosque
1775 2379 2053 2439 campos.

804 2494 905 2542 me
952 2477 1222 2553 Colchus
1269 2484 1351 2556 et,
1400 2478 1508 2558 qui
1554 2477 1914 2541 dissimulat
1957 2486 2198 2541 metum

804 2564 1055 2629 Marsae
1102 2564 1402 2643 cohortiS,
1449 2564 1662 2628 Dacus
1710 2568 1776 2647 et
1817 2564 2026 2626 ultimi

890 2656 1157 2714 noscent
1202 2648 1450 2726 Geloni,
1497 2670 1598 2713 me
1643 2650 1887 2732 peritus

898 2766 933 2803 .·
978 2737 1183 2800 discet
1224 2735 1426 2800 Hiber
1467 2734 1890 2815 Rhodanique
1935 2741 2141 2815 potor.

806 2857 1018 2921 absint
1061 2857 1236 2919 inani
1281 2856 1504 2919 funere
1548 2855 1776 2918 neniae

803 2942 1158 3023 luctusque⁷
1204 2946 1424 3022 turpes
1471 2946 1537 3004 et
1581 2940 2050 3023 querimoniae:

893 3047 1202 3108 conpesce
1249 3027 1594 3089 clamorem
1639 3046 1714 3089 ac
1761 3024 2081 3107 sepulchri

921 3172 931 3180 .
976 3114 1161 3176 mitte
1205 3132 1630 3193 supervacuos
1674 3111 1974 3181 honores..
2094 3166 2104 3173 .
