2784 4319
234 3897 456 3945 Horatius.

1063 237 1198 284 LIB.
1236 237 1305 284 ΙΙ.
1341 242 1521 284 v—vu

538 368 644 434 ille
685 375 751 434 te
795 393 1048 436 mecum
1089 371 1273 436 locus
1315 377 1382 436 et
1424 371 1656 436 beatae

537 457 859 536 postulant
904 478 1104 537 arces,
1150 457 1240 522 ibi
1277 463 1354 522 tu
1401 458 1715 522 calentem

538 543 753 606 debita
797 564 1060 625 sparges
1104 543 1371 608 lacrima
1416 543 1746 641 favillam

704 631 867 692 vatis
914 631 1121 693 amici.

1271 853 1441 928 Vn.
1533 911 1567 918 ..
1644 889 1649 895 ·
1692 803 1701 812 ’

537 1038 588 1103 Ο
634 1061 826 1122 saepe
871 1062 1117 1106 mecum
1162 1045 1417 1124 tempus
1460 1043 1527 1106 in
1568 1043 1865 1106 ult-imum

537 1126 806 1190 deducte
851 1127 1053 1191 Bruto
1099 1128 1367 1192 militiae
1416 1129 1597 1208 duce,

622 1213 761 1293 quis
802 1219 871 1276 te
915 1214 1252 1277 redonavit
1275 1213 1604 1290 'Quiritem

707 1299 804 1363 dis
847 1301 1073 1380 patriis
1118 1299 1410 1380 Italoque
1457 1301 1655 1379 caelo,

537 1434 814 1516 Pompei
860 1456 1148 1502 meorum
1189 1437 1396 1518 prime
1441 1437 1773 1510 sodalium

537 1541 680 1584 cum
724 1541 848 1602 quo
896 1527 1251 1586 morantem
1295 1543 1488 1604 saepe
1535 1523 1704 1586 diem
1749 1543 1923 1628 mero

621 1607 783 1688 fregi
828 1613 1167 1674 coronatus
1210 1609 1489 1672 nitentes

705 1693 1108 1781 malobathro
1155 1693 1336 1778 Syrio
1385 1693 1697 1775 capillos?

535 1834 746 1894 tecum
789 1831 1116 1912 Philippos
1163 1836 1228 1894 et
1272 1831 1545 1900 celerem
1588 1831 1805 1913 fugam

494 1945 499 1948 ·
537 1918 723 1996 sensi,
768 1917 996 1980 relicta
1037 1938 1164 1982 non
1210 1917 1372 1980 bene
1416 1917 1729 1998 parmula,

623 2022 766 2066 cum
808 2003 1015 2066 fracta
1057 2003 1256 2066 virtus
1303 2009 1369 2066 et
1412 2005 1691 2066 minaces

697 2093 890 2171 -turpe
936 2089 1141 2152 solum
1184 2089 1454 2171 tetigere
1498 2096 1733 2153 mento.

535 2226 649 2290 sed
691 2248 794 2289 me
838 2248 954 2307 per
996 2226 1214 2290 hostes
1259 2226 1611 2291 Mercurius
1657 2227 1829 2291 66161·

537 2311 732 2375 denso
776 2318 1115 2394 paventem
1161 2313 1416 2375 sustulit
1460 2321 1638 2375 aere:

619 2404 684 2461 te
727 2418 950 2462 rursus
992 2400 1058 2461 in
1102 2399 1340 2463 bellum
1383 2400 1722 2463 resorbens

705 2484 878 2547 unda
920 2483 1102 2547 fretis
1145 2484 1294 2547 tulit
1337 2486 1667 2547 aestuosis,

538 2642 688 2703 ergo
735 2614 1098 2706 obligatam
1125 2622 1322 2685 redde
1367 2622 1501 2685 Iovi
1548 2623 1794 2703 dapem,

536 2700 852 2788 longaque
895 2706 1132 2770 fessum
1176 2707 1405 2771 militia
1446 2708 1615 2771 latus

617 2792 870 2873 depone
917 2793 1032 2856 sub
1078 2793 1262 2856 lauru
1305 2814 1451 2857 mea
1493 2815 1612 2857 nec

705 2898 901 2959 parce
947 2880 1122 2943 cadis
1165 2879 1285 2942 tibi
1330 2880 1684 2943 destinatis,

538 3016 844 3080 oblivioso
889 3016 1054 3079 levia
1097 3016 1370 3080 Massico

539 3102 780 3166 ciboria
823 3102 1026 3184 exple,
1071 3102 1266 3166 funde
1313 3104 1655 3185 capacibus
1746 3122 1750 3125 “

621 3195 947 3269 unguenta
991 3189 1071 3251 de
1118 3188 1391 3252 conchis,
1440 3190 1581 3271 quis
1625 3189 1753 3253 udo

709 3274 1137 3355 deproperare
1181 3275 1328 3355 apio
1375 3295 1642 3338 coronas

539 3417 794 3474 curatve
840 3412 1093 3493 myrto?
1138 3432 1328 3491 quem
1371 3410 1586 3475 Venus
1632 3412 1941 3475 arbitrum

539 3494 710 3559 dicet
751 3496 1059 3560 bibendi?
1103 3513 1231 3560 non
1277 3518 1395 3578 ego
1442 3498 1655 3561 sanius

621 3582 985 3646 bacchabor
1027 3582 1298 3646 Edonis:
1346 3589 1606 3665 recepto

709 3668 896 3731 dulce
939 3668 1094 3731 mihi
1137 3668 1348 3731 furere
1396 3674 1495 3733 est
1536 3669 1762 3733 amico.

2305 241 2389 304 33

2414 1929 2493 1980 10

2410 2408 2493 2461 ‘215

2413 2886 2493 2939 20
