2784 4319
294 634 375 688 ‘15

292 1059 374 1114 80

290 1489 372 1544 85

286 1921 372 1974 90

402 239 522 298 138
1027 192 1043 198 ⁸
1174 233 1452 284 ΗΟΒΑΤΙ
1489 233 1890 283 SERMONUM

499 389 693 452 saepe
736 367 954 433 stilum
998 374 1231 447 vertaS,
1278 367 1519 432 iterum·
1557 388 1721 449 quae
1767 367 1964 450 digna
2003 365 2130 448 legi
2176 365 2308 430 sint

500 457 871 538 scripturuS,
917 475 1124 536 neque
1168 462 1233 518 te
1278 459 1351 519 ut
1394 455 1664 518 miretur
1705 453 1898 517 turba
1940 452 2216 532 laboreS,

500 547 836 606 contentus
879 541 1101 623 paucis
1144 540 1510 604 lectoribus,
1557 560 1641 603 an
1683 545 1798 603 tua
1841 539 2104 603 demens

499 627 730 691 vilibus
774 627 840 688 in
883 627 1051 690 ludis
1096 626 1325 689 dictari
1373 627 1660 690 carmina
1702 625 1934 689 malis?

499 735 627 778 non
673 733 822 794 ego:
869 735 1015 776 nam
1046 714 1203 777 satis
1234 721 1334 776 est
1363 713 1645 793 equitem
1674 711 1829 774 mihi
1859 711 2186 792 plaudere,
2231 716 2304 775 ut
2333 711 2576 794 audax,

501 797 883 879 contemptis
929 798 1089 876 aliis,
1138 798 1395 880 explosa
1443 797 1803 861 Arbuscula
1847 797 2024 860 dixit.

496 905 646 949 men
688 889 943 948 moveat
988 885 1192 950 cimex
1226 885 1568 961 Pantilius,
1616 888 1729 946 aut
1774 884 2019 946 cruciet
2063 882 2237 964 quod

498 967 754 1032 vellicet
796 967 1128 1032 absentem
1173 969 1540 1032 Demetrius
1585 974 1698 1033 aut
1743 966 1916 1050 quod
1959 969 2215 1049 ineptus
2269 969 2274 974 ’

496 1054 776 1118 Fannius
820 1053 1237 1136 Hermogenis
1282 1055 1502 1119 laedat
1547 1055 1812 1118 conviva
1853 1054 2078 1136 Tigelli
2095 1055 2125 1117 ‘2³

494 1139 739 1203 Plotius
785 1144 851 1202 et
894 1140 1143 1219 VariuS,
1188 1140 1529 1204 Maecenas
1572 1139 2036 1223 Vergiliusque,

493 1225 757 1308 Valgius
801 1232 868 1289 et
909 1226 1141 1308 probet
1181 1225 1343 1290 haec
1388 1227 1690 1290 Octavius
1734 1227 2013 1308 optimus
2059 1231 2254 1308 atque

492 1311 754 1390 FuscuS,
802 1318 868 1375 et
909 1312 1071 1375 haec
1114 1313 1358 1376 utinam
1404 1313 1739 1376 Viscorum
1785 1311 2008 1376 laudet
2050 1317 2340 1394 uterque.

500 1397 848 1462 ambitione
892 1399 1181 1480 relegata
1223 1404 1287 1462 te
1335 1398 1550 1462 dicere
1594 1416 1875 1480 possum,

497 1483 719 1560 Pollio,
765 1489 850 1561 te,
895 1483 1213 1562 Messalla,
1258 1491 1370 1547 tuo
1417 1506 1561 1547 cum
1605 1483 1825 1563 fratre,
1872 1483 2184 1564 simulque

496 1590 627 1644 voe„
674 1569 911 1633 Bibule
946 1575 1012 1632 et
1056 1569 1251 1648 Servi,
1300 1570 1486 1633 simul
1530 1570 1630 1633 his
1674 1577 1760 1648 te,
1808 1569 2079 1634 candide
2124 1569 2337 1648 Furni,

496 1655 833 1737 conplures
879 1655 1058 1734 alios,
1105 1655 1329 1720 doctos
1376 1676 1494 1737 ego
1541 1676 1701 1738 quos
1747 1661 1812 1719 et
1857 1657 2098 1720 amicos

497 1741 779 1823 prudens
821 1747 1191 1821 praetere03
1236 1741 1468 1822 quibus
1511 1741 1691 1821 haec,
1739 1743 1868 1805 sint
1911 1741 2427 1823 qualiacumque,

497 1826 793 1891 adridere
839 1825 1044 1904 velim,
1092 1827 1424 1905 doliturus,
1471 1828 1526 1889 si
1570 1828 1870 1909 placeant
1913 1849 2026 1909 spe

497 1912 779 1976 deterius
825 1919 1063 1975 nostra.
1108 1912 1414 1992 Demetri,
1459 1920 1670 1994 teque,
1717 1913 1963 1995 Tigelli,

497 1997 953 2079 discipularum
997 1998 1165 2062 inter
1208 1998 1398 2061 iubeo
1443 1999 1699 2080 plorare
1745 1999 2104 2063 cathedras,

492 2085 535 2166 i,
580 2105 758 2168 puer,
806 2090 998 2165 atque
1042 2105 1185 2147 meo
1234 2086 1397 2148 citus
1441 2085 1602 2148 haec
1648 2084 1976 2150 subscribe
2019 2084 2256 2152 libello.
