2784 4319
382 169 463 230 52

284 788 366 842 10

288 1266 367 1320 15

280 1747 363 1801 20

279 2284 359 2339 25

276 2763 359 2817 30

273 3242 354 3297 35

268 3724 350 3778 40

1166 166 1446 216 HORATI
1484 165 1810 218 CARMINU
1811 169 1868 216 M

856 301 1121 368 milesne
1166 302 1381 368 Crassi
1425 305 1692 386 coniuge
1735 303 2017 368 barbara

854 390 1060 470 turpis
1104 390 1373 454 maritus
1415 390 1575 452 vixit
1619 394 1685 453 et
1727 388 2008 454 hostium

942 477 1085 556 (pro
1132 475 1309 538 curia
1351 475 1710 557 inversique
1754 495 1964 540 mores
1983 476 2025 558 1)

1031 561 1366 625 consenuit·
1407 580 1775 625 socerorum
1819 561 1887 624 in
1932 562 2162 644 armis,-

857 695 976 762 sub
1020 717 1171 780 rege
1214 696 1407 763 Medo
1453 697 1702 762 Marsus
1749 703 1816 762 et
1857 697 2123 780 Apulus,

827 783 1234 847 'anciliorum
1282 788 1348 846 et
1390 785 1664 848 nominis
1711 789 1777 848 et
1821 790 2013 865 togae

944 867 1181 932 oblitus
1224 874 1655 952 aeternaeque
1699 869 1956 947 Vestae,

1030 953 1332 1019 incolumi
1372 953 1525 1019 Iove
1572 961 1640 1019 et
1680 955 1840 1019 urbe
1883 955 2145 1019 Roma?

855 1089 982 1156 hoc
1025 1097 1284 1156 caverat
1325 1113 1506 1156 mens
1549 1091 1817 1174 provida
1859 1091 2089 1173 Reguli

860 1177 1294 1242 dissentientis
1339 1177 1818 1244 condicionibus

945 1262 1152 1327 foedis
1197 1268 1264 1327 et
1308 1263 1600 1344 exemplo
1643 1262 1926 1327 trahenti

1029 1349 1380 1432 perniciem
1422 1350 1681 1414 veniens
1723 1350 1792 1412 in
1836 1369 2082 1427 aevum,

863 1488 919 1551 si
960 1508 1089 1551 non
1130 1487 1374 1569 periret
1417 1486 1862 1550 inmiserabilis

863 1573 1117 1654 captiva
1157 1572 1378 1654 pubes,
1421 1572 1628 1654 ‘signa
1670 1592 1788 1654 ego
1832 1571 2096 1636 Punicis

950 1656 1163 1732 adfixa
1206 1657 1489 1722 delubris
1535 1663 1602 1722 et
1645 1677 1826 1721 arma

1035 1743 1342 1808 militibus
1388 1745 1524 1807 sine
1570 1741 1786 1807 caede'
1834 1741 1997 1807 dixit

860 1877 1155 1962 ‘derepta
1194 1879 1358 1960 vidi3
1401 1880 1533 1944 vidi
1577 1900 1693 1961 ego
1740 1879 1974 1944 civium.

861 1970 1111 2030 retorta
1153 1971 1334 2046 tergo
1378 1964 1682 2029 bracchia
1725 1965 1950 2044 libere,

944 2056 1293 2133 portasque
1335 2070 1474 2115 non·
1509 2050 1758 2114 clausas
1804 2055 1871 2114 et
1913 2070 2068 2115 arva

1031 2135 1240 2201 Marte
1287 2135 1412 2200 coli
1453 2135 1764 2219 populata
1805 2142 2046 2203 nostro·

855 2295 1012 2339 auro
1060 2292 1368 2355 repensus
1415 2273 1659 2337 scilicet
1703 2275 1914 2339 acrior

853 2360 1037 2424 miles
1083 2360 1339 2425 redibit.
1380 2358 1626 2441 flagitio
1674 2359 1911 2424 additis

938 2446 1275 2510 damnum:
1322 2466 1531 2526 neque
1577 2447 1844 2511 amissos
1891 2446 2146 2511 colores

1023 2532 1175 2595 lana
1219 2530 1421 2595 refert
1465 2532 1787 2595 medicata
1829 2530 1995 2611 sum,

846 2690 968 2733 nec
1010 2690 1165 2734 vera
1205 2668 1426 2749 virtuS,
1476 2690 1620 2733 cum
1667 2669 1865 2733 semel
1911 2670 2173 2750 excidit,

848 2760 1032 2819 curat
1073 2756 1300 2839 reponi
1346 2754 1792 2819 deterioribus,

932 2842 988 2907 si
1029 2846 1276 2924 pugnat
1320 2842 1645 2904 extricata
1690 2842 1907 2904 densis

1019 2946 1206 2991 cerva
1247 2926 1478 3009 plagiS,
1526 2926 1654 2989 erit
1695 2926 1803 2989 ille
1849 2926 2053 3006 fortiS‚

845 3066 955 3147 qui
996 3062 1260 3147 perfidis
1306 3084 1375 3127 se
1423 3061 1700 3126 credidit
1742 3061 2052 3142 hostibuS,

844 3157 911 3216 et
952 3151 1160 3214 Marte
1203 3148 1452 3213 Poenos
1496 3154 1796 3228 proteret
1839 3148 2063 3228 altero,

926 3238 1040 3318 qui
1083 3236 1224 3299 lora
1266 3233 1578 3297 restrictis
1621 3232 1881 3296 lacertis

1016 3322 1214 3386 sensit
1256 3320 1428 3383 iners
1474 3318 1813 3400 timuitque
1859 3325 2158 3384 mortem.

836 3458 963 3538 hic,
1006 3458 1176 3522 unde
1222 3457 1420 3521 vitam
1464 3461 1745 3521 sumeret
1787 3456 2049 3535 inscius,

836 3565 1065 3630 pacem
1109 3543 1321 3608 duello
1364 3543 1636 3606 miscuit.
1683 3562 1720 3605 o
1765 3542 2015 3623 pudor!

926 3650 963 3694 o
1008 3650 1242 3711 magna
1288 3628 1626 3710 Carthag0‚
1672 3628 2005 3709 probrosis

1011 3714 1203 3779 altior
1243 3712 1474 3779 Italiae
1518 3715 1718 3777 ruinis
1738 3712 1774 3776 Γ
