2784 4319
415 396 527 462 hio
569 397 806 463 bellum
850 399 1276 478 lacrimosum,
1321 398 1427 462 hic
1471 399 1771 462 miseram
1813 396 2051 462 famem

414 488 793 565 pestemque
838 503 879 547 a
920 483 1158 566 populo
1206 490 1273 548 et
1314 485 1603 566 principe
1650 481 1924 548 Caesare
1967 484 2035 546 in

194 3944 449 3987 Horatius.

961 263 1095 312 LIB.
1134 261 1177 311 Ι.
1212 269 1516 310 xlx-xxm

504 569 735 633 Persas
780 575 974 650 atque
1018 569 1360 634 Britannos

594 660 809 718 vestra
852 660 1063 720 motus
1108 663 1256 737 aget
1300 677 1509 738 prece.

1120 845 1371 919 XXII.

575 1033 831 1116 Integer
873 1036 1042 1098 vitae
1087 1033 1473 1115 scelerisque
1517 1055 1714 1116 purus
1767 1071 1773 1076 -

574 1139 705 1183 non
749 1127 896 1203 eget
936 1120 1177 1184 Mauris
1220 1120 1447 1184 iaculis
1491 1141 1697 1201 neque
1735 1139 1899 1183 arcu

574 1225 697 1270 nec
737 1207 1065 1270 venenatis
1110 1206 1374 1288 gravida
1419 1206 1708 1288 sagittis„

746 1291 971 1372 Fusco,
1015 1293 1340 1382 pharetra,

579 1412 709 1477 sive
751 1433 870 1494 per
913 1411 1131 1497 Syrtes
1174 1413 1300 1476 iter
1344 1418 1676 1477 aestuosas

580 1501 707 1562 sive
751 1499 1038 1563 facturus
1080 1519 1199 1582 per
1242 1497 1693 1581 inhospitalem

581 1584 935 1650 Caucasum
976 1583 1079 1649 vel
1122 1605 1287 1666 quae
1331 1585 1478 1648 loca
1520 1583 1848 1650 fabulosus

748 1670 978 1736 lambit
1018 1671 1372 1755 Hydaspes

576 1813 853 1875 namque
896 1813 1000 1857 me
1045 1792 1204 1856 silva
1246 1791 1434 1874 lupus
1478 1792 1547 1856 in
1589 1790 1848 1869 Sabina,

581 1880 734 1944 dum
776 1899 985 1943 meam
1032 1883 1220 1942 canto
1264 1875 1550 1960 Lalagen
1594 1882 1663 1941 et
1702 1876 1877 1940 ultra

579 1964 923 2030 terminum
968 1967 1135 2029 curis
1179 1985 1376 2046 vagor
1422 1963 1756 2045 expeditis,

750 2051 916 2136 fugit
957 2051 1294 2116 inermem:

582 2172 769 2253 quale
812 2178 1181 2255 portentum
1223 2193 1431 2253 neque
1477 2170 1770 2235 militaris

581 2258 865 2323 Daunias
911 2258 1061 2322 latis
1105 2258 1241 2321 alit
1264 2258 1606 2322 aesculetis

580 2365 699 2409 nec
741 2343 939 2409 Iubae
983 2344 1174 2409 tellus
1220 2349 1504 2425 generat,
1548 2343 1805 2408 leonum

753 2430 937 2496 arida
980 2431 1211 2494 nutrix.

580 2570 747 2633 pone
790 2572 915 2631 me,
958 2552 1157 2633 pigris
1201 2551 1313 2615 ubi
1356 2550 1533 2614 nulla
1579 2550 1820 2631 campis

582 2637 777 2702 arbor
820 2638 1064 2701 aestiva
1106 2642 1436 2701 recreatur
1479 2656 1656 2715 aura,

582 2724 755 2803 quod
796 2722 967 2787 latus
1011 2723 1232 2788 mundi
1273 2722 1546 2787 nebulae
1589 2720 1922 2803 malusque

753 2808 1043 2891 Iuppiter
1084 2814 1347 2890 urguet3

582 2948 749 3010 pone
794 2929 911 2993 sub
959 2949 1148 2992 curru
1191 2929 1457 2992 nimium
1499 2924 1844 3010 propinqui

584 3013 755 3094 solis,
800 3015 868 3080 in
910 3020 1087 3079 terra
1130 3014 1424 3078 domibus
1469 3019 1735 3095 negata:

586 3100 771 3164 dulce
813 3100 1133 3164 ridentem
1176 3099 1459 3182 Lalagen
1503 3098 1754 3177 amabe,

616 3186 619 3191 ’
757 3186 942 3271 dulce
987 3186 1373 3267 loquentem.

1126 3374 1414 3461 XXIII.

588 3562 767 3627 Vitas
808 3562 1111 3627 hinnuleo
1156 3583 1258 3627 me
1304 3562 1547 3641 similis,
1594 3560 1809 3639 Chloe,

588 3649 921 3731 quaerenti
962 3648 1263 3730 pavidam
1305 3648 1628 3713 montibus
1673 3645 1831 3711 aviis

672 3738 945 3797 matrem
988 3755 1117 3797 non
1160 3735 1295 3798 sine
1338 3754 1502 3797 vano

760 3840 1060 3883 aurarum
1106 3825 1171 3883 et
1214 3818 1414 3884 siluae
1457 3823 1652 3883 metu.

2297 265 2374 326 17

2404 578 2482 633 15

2409 1880 2490 1935 10

2413 2345 2492 2399 15

2415 2807 2496 2863 20
