2784 4319
428 201 554 264 136
1208 200 1486 250 HORATI
1521 199 1918 250 SERMONUM

528 508 775 593 [Lucili‚
822 531 1013 592 quam
1060 509 1145 574 sis
1173 509 1552 588 mendosus,
1597 515 1763 573 teste
1811 507 2054 572 Catone

526 595 859 660 defensore
904 601 1015 660 tuo
1060 597 1446 679 pervincam,
1494 597 1604 677 qui
1647 596 1815 658 male
1861 595 2068 658 factos

526 682 866 747 emendare
910 689 1099 780 parat
1142 703 1379 759 11313113,
1427 682 1548 745 hoc
1593 682 1797 745 lenius
1843 681 1969 758 ille,

356 785 401 792 ’“
524 789 651 851 quo
695 768 925 832 melior
968 769 1064 831 vir
1108 775 1173 831 et
1219 774 1317 832 est
1362 733 1551 850 longe
1599 767 1894 832 subtilior
1937 731 2068 844 illo,

523 854 635 935 qui
677 853 947 918 multum
991 876 1152 936 puer
1197 861 1262 918 et
1305 854 1460 917 loris
1507 860 1574 916 et
1617 853 1870 916 funibus
1914 852 2060 915 udis

524 945 844 1020 exoratus,
889 947 961 1003 ut
1008 947 1179 1004 esset
1224 961 1414 1022 opem
1459 941 1567 1020 qui
1613 940 1780 1002 ferre
1823 940 2032 1020 poetis

522 1027 803 1108 antiquis
848 1031 1069 1108 posset
1114 1033 1338 1090 contra
1380 1024 1646 1090 fastidia
1688 1031 1928 1104 nostra,

438 1118 442 1124 '
524 1114 1089 1194 grammaticorum
1144 1113 1432 1194 equitum
1487 1111 1910 1178 doctissimus,
1953 1115 2029 1174 111
2072 1109 2336 1174 redeam
2381 1109 2599 1194 illuct]

320 2063 399 2118 10

317 2494 393 2549 15

312 2924 392 2977 20

311 3351 391 3407 25

309 3779 393 3837 30

520 1283 765 1366 Nempe
809 1286 1209 1366 inconposito
1258 1286 1387 1350 dixi
1433 1284 1600 1366 pede
1645 1305 1898 1348 currere
1943 1305 2162 1348 versus

521 1371 744 1435 Lucili.
790 1372 931 1452 quis
976 1377 1111 1434 tam
1155 1371 1359 1436 Lucili
1407 1372 1622 1434 fautor
1665 1373 1881 1452 inepte
1929 1376 2044 1448 est,

519 1462 593 1520 ut
636 1477 763 1521 non
805 1456 930 1520 hoc
974 1457 1295 1521 fateatur?
1341 1465 1410 1520 at
1453 1457 1645 1535 idem,
1692 1457 1863 1537 quod
1910 1457 2041 1519 sale
2085 1455 2288 1519 multo

520 1543 747 1607 urbem
791 1543 1107 1621 defricuit,
1156 1544 1379 1608 charta
1424 1543 1727 1606 laudatur
1773 1542 2014 1606 eadem.

521 1650 640 1692 nec
676 1635 900 1710 tamen
944 1629 1067 1692 hoc
1109 1630 1398 1694 tribuens
1431 1629 1720 1693 dederim
1747 1648 1998 1709 quoque
2031 1633 2272 1691 cetera:
2319 1648 2477 1690 nam
2509 1628 2604 1690 sic

523 1721 590 1779 et
630 1713 866 1780 Laberi
908 1716 1139 1778 mimos
1181 1720 1255 1779 ut
1297 1715 1568 1798 pulchra
1611 1721 1914 1796 poemata
1955 1715 2167 1778 mirer.

520 1822 672 1884 ergo
718 1822 846 1865 non
891 1801 1047 1865 satis
1093 1807 1192 1865 est
1234 1803 1367 1866 risu
1411 1802 1714 1866 diducere
1760 1801 1991 1863 rictum

520 1887 864 1966 auditoris;
910 1894 975 1950 315
1020 1892 1119 1952 est
1162 1888 1479 1968 quaedam
1523 1893 1741 1950 tamen
1791 1886 1896 1950 hic
1949 1906 2202 1968 quoque
2254 1886 2486 1949 virtus:

522 1979 621 2038 est
662 1974 978 2039 brevitate
1023 1993 1203 2054 opus,
1249 1981 1321 2036 ut
1368 1980 1585 2036 currat
1629 1973 1950 2037 sententia
1995 1993 2121 2036 neu
2165 1993 2233 2036 se

520 2058 810 2142 inpediat
851 2058 1063 2123 verbis
1106 2059 1311 2122 lassas
1357 2058 1773 2122 onerantibus
1819 2079 2024 2134 311133,

521 2152 588 2211 31
630 2166 922 2211 3311110113
969 2166 1129 2226 opus
1173 2149 1273 2209 est
1315 2145 1508 2209 modo
1553 2146 1742 2224 tristi,
1790 2166 1982 2226 saepe
2027 2145 2266 2224 100030,

522 2232 905 2297 defendente
951 2233 1155 2297 vicem
1199 2232 1391 2295 modo
1439 2232 1716 2296 rhetoris
1759 2239 1952 2313 atque
1997 2238 2249 2312 poetae,

519 2318 841 2382 interdum
884 2317 1132 2396 urbani,
1178 2320 1504 2399 parcentis
1546 2317 1785 2382 viribus
1831 2324 2024 2397 atque

520 2404 923 2469 extenuantis
968 2424 1079 2468 333
1124 2403 1436 2467 0011311110.
1483 2404 1820 2467 ridiculum
1865 2404 1999 2467 acri

518 2490 747 2553 fortius
793 2494 859 2553 31
902 2489 1130 2553 111311113
1175 2511 1443 2572 magnas
1488 2490 1863 2571 plerumque
1911 2496 2089 2553 secat
2132 2510 2255 2553 res·

517 2576 631 2656 1111,
678 2576 918 2656 scripta
962 2575 1191 2657 quibus
1238 2577 1571 2641 comoedia
1613 2577 1828 2657 prisca
1871 2577 2021 2639 viris
2069 2582 2184 2654 3315,

514 2662 638 2725 hoc
682 2660 961 2741 stabant,
1006 2661 1130 2725 hoc
1174 2667 1324 2726 sunt
1367 2662 1687 2726 imitandi:
1735 2682 1894 2743 quos
1941 2681 2147 2758 neque
2191 2660 2464 2742 pulcher

515 2748 953 2829 Hermogenes
997 2768 1298 2829 umquam
1343 2748 1528 2829 legit,
1572 2768 1780 2828 neque
1827 2748 2046 2811 simius
2092 2748 2232 2825 iste,

514 2834 607 2897 nil
651 2838 912 2914 praeter
956 2832 1218 2898 Calvum
1265 2840 1332 2897 et
1377 2834 1606 2897 doctus
1653 2840 1914 2896 cantare
1962 2832 2299 2897 Catullum.

510 2912 609 2983 ‘at
651 2939 955 3023 magnum
996 2919 1167 2997 fecit,
1215 2919 1389 3000 quod
1433 2919 1642 2983 verbis
1691 2918 1940 2982 Graeca
1983 2919 2228 2983 Latinis

516 2999 805 3067 miscuit?
861 3026 898 3067 o
944 3006 1071 3069 seri
1115 3005 1492 3084 studiorum,
1539 3007 1729 3087 quine
1773 3006 2012 3085 putetis

516 3088 775 3157 difficile
820 3096 887 3155 315
930 3090 1179 3171 1111111111,
1224 3091 1475 3155 Rhodio
1522 3090 1695 3173 quod
1741 3090 2129 3155 Pitholeonti

518 3177 829 3258 contigit?
869 3170 966 3241 cat
1010 3197 1217 3241 sermo
1265 3177 1484 3257 lingua
1529 3178 1873 3240 concinnus
1915 3183 2190 3258 utraque

516 3263 786 3341 suavior,
830 3268 904 3325 ut
948 3261 1105 3327 Chio
1148 3269 1308 3326 nota
1352 3264 1407 3325 si
1453 3264 1799 3327 commixta
1841 3263 2096 3327 Falerni
2144 3254 2277 3327 est.³

516 3368 660 3412 cum
701 3369 921 3413 versus
965 3349 1186 3427 130133,
1233 3354 1297 3411 13
1343 3349 1552 3445 ipsum
1597 3355 1957 3429 percontor,
2004 3371 2088 3413 an
2133 3355 2200 3413 et
2245 3369 2392 3412 cum

515 3434 677 3497 dura
718 3434 837 3499 tibi
881 3435 1251 3517 peragenda
1296 3435 1391 3497 rei
1437 3436 1521 3498 sit
1566 3456 1759 3497 causa
1803 3434 2053 3499 Petilli?

515 3519 761 3585 scilicet
805 3520 1041 3585 oblitus
1086 3521 1464 3601 patriaeque
1509 3521 1839 3601 patrisque
1883 3520 2116 3601 Latini,

514 3625 658 3669 cum
702 3605 937 3670 Pedius
985 3627 1212 3669 causas
1259 3605 1528 3669 exsudet
1571 3605 1902 3670 Publicola
1945 3614 2141 3689 atque

514 3689 841 3771 Corvinus,
887 3691 1115 3773 patriis
1160 3692 1599 3755 intermiscere
1643 3694 1850 3773 petita

511 3777 709 3841 verba
752 3777 909 3841 foris
952 3777 1157 3856 1113113,
1205 3775 1510 3841 Canusini
1552 3797 1730 3841 more
1775 3778 2120 3861 bilinguis?
