2784 4319
296 776 373 878 14>

297 1283 370 1338 15

290 1733 369 1799 20

290 2243 368 2297 25

290 2704 369 2757 30

290 3165 371 3218 35

292 3660 373 3713 40

1239 223 1510 274 HORATI
1549 223 1928 276 CARMINUM

704 359 901 438 navis,
947 379 1111 441 quae
1154 359 1274 423 tibi
1320 359 1631 423 creditum

878 444 1075 510 debes
1115 444 1484 527 Vergilium,
1528 443 1758 510 finibus
1803 444 2032 512 Atticis

706 530 939 594 reddas
984 530 1363 594 incolumem
1407 550 1653 612 precor,

878 621 945 680 61
986 637 1196 680 serves
1240 617 1490 681 animae
1535 615 1866 680 dimidium
1908 637 2106 681 meae.

704 734 799 799 illi
842 735 1037 800 robur
1080 741 1148 799 et
1188 757 1297 800 aes
1340 735 1574 818 triplex

877 822 1047 885 circa
1088 826 1312 903 pectus
1356 828 1514 901 erat,
1559 822 1668 903 qui
1711 821 2000 924 fragilem
2041 821 2208 886 truci

706 907 1000 971 conmisit
1041 907 1269 990 pelago
1313 914 1520 971 1616111

874 993 1133 1074 1111111116,
1176 1013 1297 1057 nec
1338 994 1553 1057 timuit
1594 993 2010 1076 praecipitem
2051 991 2337 1056 Africum

705 1109 1140 1175 decertantem
1184 1111 1624 1194 AquilonibuS,

873 1219 994 1262 nec
1036 1199 1251 1262 tristes
1296 1199 1574 1280 Hyadas,
1619 1219 1736 1262 nec
1780 1197 2025 1262 rabiem
2068 1197 2240 1277 Noti,

705 1303 830 1363 quo
874 1304 1002 1347 non
1046 1283 1289 1348 arbiter
1332 1285 1612 1348 Hadriae

874 1370 1095 1448 maior,
1141 1361 1365 1433 tollere
1413 1391 1525 1434 6611
1567 1390 1804 1452 ponere
1848 1368 1981 1433 volt
2022 1367 2207 1442 freta.

705 1509 893 1570 quem
937 1490 1161 1553 mortis
1204 1489 1420 1552 timuit
1463 1488 1748 1570 gradum,

792 1631 796 1638 .
874 1575 985 1655 qui
1028 1575 1212 1640 siccis
1257 1573 1456 1638 oculis
1499 1581 1785 1638 monstra
1827 1572 2133 1653 natantia,

704 1659 1014 1741 qui‘vidit
1054 1680 1231 1724 mare
1275 1658 1602 1723 turbidum
1645 1665 1710 1722 et

872 1745 1140 1817 infames
1185 1745 1480 1826 scopulos
1521 1743 2036 1808 Acroceraunia?

703 1865 1088 1946 nequiquam
1133 1865 1291 1929 deus
1334 1865 1610 1928 abscidit

873 1951 1153 2047 prudens
1198 1949 1453 2014 Oceano
1501 1950 1892 2014 dissociabili

703 2041 929 2114 161166,
974 2037 1029 2100 61
1069 2041 1287 2099 16111611
1330 2036 1542 2117 inpiae

873 2141 1002 2185 non
1044 2121 1366 2203 tangenda
1412 2126 1584 2186 rates
1629 2119 1992 2186 transiliunt
2035 2107 2218 2189 vada.

702 2242 914 2306 audax
956 2242 1172 2305 omnia
1214 2242 1464 2324 perpeti

871 2348 1025 2409 gens
1068 2327 1347 2391 humana
1389 2328 1520 2391 ruit
1559 2348 1678 2410 per
1720 2328 1986 2391 vetitum
2029 2327 2242 2393 nefas:

699 2412 911 2477 audax
949 2412 1157 2494 Iapeti
1200 2433 1396 2495 genus

872 2499 1083 2579 ignem
1126 2497 1350 2562 fraude
1395 2498 1566 2563 mala
1608 2499 1902 2581 gentibus
1945 2498 2178 2563 intulit.

700 2624 848 2699 post
889 2618 1102 2699 ignem
1146 2618 1432 2682 aetheria
1478 2618 1666 2682 domo

871 2702 1251 2767 subductum
1294 2706 1532 2769 macies
1577 2710 1644 2768 et
1685 2725 1850 2769 nova
1893 2703 2165 2785 febrium

699 2790 888 2853 terris
930 2790 1219 2854 incubuit
1262 2790 1508 2868 6011016,

874 2876 1225 2956 semotique
1268 2876 1445 2955 prius
1488 2875 1678 2938 tarda
1721 2875 2070 2945 necessitas

699 2993 813 3058 leti
858 2996 1164 3077 corripuit
1207 2994 1492 3075 gradum.

852 3086 1169 3161 'expertus
1214 3099 1482 3142 vacuum
1527 3078 1846 3143 Daedalus
1893 3088 2045 3143 6616

701 3166 925 3247 pennis
967 3185 1097 3229 non
1137 3165 1379 3229 homini
1425 3164 1620 3241 datis3

871 3249 1161 3331 perrupit
1200 3248 1565 3313 Acheronta
1608 3248 1954 3314 Herculeus
1997 3250 2200 3315 labor.

701 3369 794 3432 nil
837 3368 1211 3431 mortalibus
1256 3368 1440 3430 ardui
1485 3374 1612 3431 est:

876 3453 1121 3516 caelum
1162 3454 1371 3533 ipsum
1414 3454 1686 3533 petimus
1733 3454 2021 3533 stultitia,
2067 3472 2275 3537 neque

704 3560 821 3621 per
862 3545 1147 3602 nostrum
1190 3538 1469 3620 patimur
1513 3540 1718 3603 scelus

874 3624 1181 3687 iracunda
1222 3622 1436 3686 Iovem
1478 3644 1714 3705 ponere
1758 3624 2038 3687 fulmina.
