2784 4319
48 3155 57 3191 f

46 3734 62 3904 —Qv-
47 3215 69 3669 *ww

929 280 936 285 ·
972 253 1091 303 121ss
1149 254 1188 303 1.
1225 260 1401 301 vn-x

167 391 601 456 dissimulator
646 393 785 475 opis
829 394 1150 476 propriae,
1193 395 1351 459 mihi
1398 394 1768 459 commodus
1811 396 1941 457 uni.

167 480 260 542 sic
301 500 439 561 eg0‚
485 479 748 543 maioris
791 479 1040 562 fugiens
1087 482 1435 563 obprobria
1479 480 1725 562 culpae,

167 566 389 629 frontis
436 565 520 629 ad
563 565 850 630 urbanae
894 566 1198 631 descendi
1242 567 1545 649 praemia.
1590 566 1824 649 quodsi

165 652 528 733 depositum
570 650 799 716 laudas
846 652 927 716 ob
974 654 1166 717 amici
1209 655 1384 717 iussa
1426 653 1758 734 pudorem,

166 738 371 802 scribe
414 738 512 801 tui
557 738 769 820 gregis
812 736 982 802 hunc
1029 744 1096 802 et
1137 738 1372 803 fortem
1418 738 1608 803 crede
1653 738 2041 819 bonumque.

1159 930 1321 1013 Χ..

175 1080 356 1147 Urbis
402 1088 759 1147 amatorem
801 1083 1077 1149 Fuscum
1122 1085 1369 1150 salvere
1418 1084 1708 1148 iubemus

169 1170 330 1233 ruris
376 1175 717 1247 amatoreS,
763 1170 884 1233 hac
930 1172 996 1233 in
1039 1192 1110 1235 re
1155 1171 1403 1235 scilicet
1446 1193 1575 1233 una

170 1255 430 1321 multum
477 1254 847 1319 dissimiles:
895 1263 964 1320 at
1009 1262 1226 1321 cetera
1268 1278 1475 1339 paene
1520 1254 1775 1338 gemelli

170 1340 461 1406 fraternis
507 1343 754 1421 animiS,
801 1343 1113 1425 quidquid
1156 1348 1352 1424 negat
1398 1342 1582 1420 alter,
1629 1346 1695 1405 et
1741 1340 1925 1420 alter,

169 1428 500 1491 adnuimus
546 1428 806 1509 pariter.
852 1428 1049 1492 vetuli
1093 1430 1357 1511 notique
1407 1427 1703 1505 columbi,

165 1519 236 1574 tu
280 1514 498 1577 nidum
543 1535 779 1594 servae,
827 1536 944 1596 ego
989 1514 1183 1579 laudo
1227 1514 1395 1577 ruris
1442 1514 1693 1577 amoeni

172 1598 330 1663 rivos
374 1605 440 1664 et
484 1621 704 1664 musco
753 1601 1108 1664 circumlita
1152 1621 1308 1664 saxa
1351 1621 1721 1680 nemusque.

167 1685 318 1764 quid
363 1686 666 1767 quaeris?
708 1687 848 1750 vivo
896 1693 961 1749 et
1003 1706 1220 1768 regne,
1267 1686 1455 1749 simul
1501 1686 1628 1749 ista
1670 1684 1924 1766 reliqui,

166 1792 329 1850 quae
373 1794 485 1837 vos
533 1773 615 1835 ad
663 1772 908 1836 caelum
953 1772 1135 1836 fertis
1178 1792 1434 1835 rumore
1480 1772 1782 1851 secunde,

173 1863 358 1937 utque
403 1859 757 1923 sacerdotis
801 1858 1102 1939 fugitivus
1145 1858 1280 1922 liba
1321 1878 1570 1937 recuSO,

171 1962 328 2022 pane
372 1965 530 2026 egeo
575 1944 706 2008 iam
749 1944 1007 2008 mellitis
1052 1945 1302 2027 potiore
1347 1943 1680 2024 placentis.

173 2030 368 2093 rivere
411 2034 683 2095 naturae
729 2031 783 2103 si
829 2032 1277 2095 convenienter
1321 2034 1597 2111 oportet,

177 2117 625 2198 ponendaeque
653 2117 860 2182 ‘dom‘o
907 2116 1274 2198 quaerenda
1320 2122 1418 2180 est
1462 2135 1616 2179 area
1659 2116 1954 2197 primum,

181 2204 472 2267 novistine
518 2203 730 2266 locum
775 2204 1090 2285 potiorem
1132 2225 1279 2266 rure
1324 2203 1565 2266 beato?

174 2294 266 2350 est
304 2289 413 2353 ubi
456 2289 602 2371 plus
646 2296 912 2371 tepeant
953 2289 1214 2371 hiemes,
1259 2288 1370 2352 ubi
1415 2289 1658 2370 gratior
1704 2308 1861 2352 aura

177 2371 359 2438 leniat
403 2382 474 2438 et·
513 2376 759 2439 rabiem
805 2374 994 2439 Canis
1041 2380 1106 2438 et
1150 2381 1476 2438 momenta
1517 2374 1769 2451 Leonis,

171 2479 310 2522 cum
352 2460 550 2541 semel
595 2463 847 2544 accepit
892 2461 1103 2526 Solem
1148 2460 1527 2524 furibundus
1573 2460 1879 2524 acutum?

175 2552 267 2607 est
307 2547 416 2611 ubi
461 2547 726 2620 divellat
770 2569 1025 2612 somnos
1069 2548 1276 2610 minus
1319 2547 1538 2609 invida
1583 2547 1783 2609 cura?

169 2631 445 2697 deterius
491 2633 769 2733 Libye-is
792 2635 922 2698 olet
965 2639 1078 2697 aut
1122 2635 1284 2696 nitet
1326 2631 1531 2696 herba
1573 2631 1859 2712 lapillis?

171 2719 384 2794 purior
425 2721 494 2783 in
537 2720 694 2784 vicis
729 2741 910 2801 aqua
951 2719 1162 2782 tendit
1206 2739 1502 2799 rumpere
1547 2715 1899 2798 plumbum,

2218 260 2341 319 179

2367 487 2453 541 10

2372 1862 2457 1913 m

2368 2291 2453 2345 15

2368 2723 2453 2774 20

174 2822 356 2882 quam
401 2826 568 2888 quae
620 2827 738 2887 per
779 2826 1051 2887 pronum
1095 2805 1380 2886 trepidat
1427 2825 1571 2866 cum
1616 2825 1939 2868 murmure
1986 2805 2236 2869 rivum?

179 2907 392 2971 nempe
438 2892 609 2955 inter
651 2893 860 2955 varias
907 2891 1186 2953 nutritur
1231 2889 1389 2953 silva
1436 2889 1785 2968 columnaS,

179 2970 591 3058 laudaturque
637 2977 882 3055 domus,
927 2976 1151 3057 longos
1197 2995 1362 3056 quae
1408 2975 1719 3056 prospicit
1762 2996 1971 3056 agros.

181 3067 460 3126 naturam
507 3063 788 3144 expelles
832 3029 1030 3140 furca,
1076 3065 1292 3124 tamen
1336 3081 1539 3141 usque
1584 3067 1873 3124 recurret

180 3151 239 3206 et
278 3148 446 3212 mala
489 3155 864 3232 perrumpet
908 3148 1125 3211 furtim
1169 3147 1433 3210 fastidia
1476 3147 1721 3210 victrix.

178 3248 312 3311 non,
357 3235 466 3315 qui
513 3235 775 3298 Sidonio
822 3234 1206 3298 con-tendere
1253 3232 1524 3296 callidus
1570 3238 1745 3296 ostro

183 3320 370 3384 nescit
411 3321 801 3420 Aquinatem
845 3322 1138 3402 potantia
1181 3318 1423 3383 vellera
1466 3318 1699 3397 fucum,

182 3406 402 3470 certius
448 3407 725 3489 accipiet
769 3407 1071 3470 damnum
1116 3406 1456 3487 propiusve
1502 3369 1818 3483 medulliS,

177 3507 360 3568 quam
405 3493 518 3575 qui
537 3514 690 3557 ι11011
733 3493 974 3591 poterit
1017 3513 1168 3555 vero
1215 3491 1607 3572 distinguere
1654 3489 1903 3554 falsum.

185 3593 357 3654 quem
400 3600 504 3644 res
548 3579 694 3662 plus
737 3579 961 3642 nimio
981 3577 1382 3642 delectavere
1430 3576 1771 3655 secundae,

186 3667 451 3729 mutatae
498 3666 808 3748 quatient.
857 3665 911 3728 si
957 3664 1109 3746 quid
1155 3663 1493 3743 mirabere,
1537 3683 1738 3745 pones

185 3742 415 3815 invitus.
461 3751 611 3834 fuge
655 3772 919 3848 magna.
965 3751 1119 3814 licet
1164 3747 1281 3813 sub
1326 3770 1609 3831 paupere
1655 3753 1827 3812 tecto

187 3849 351 3914 reges
395 3843 460 3901 et
504 3859 727 3920 regum
772 3838 903 3900 vita
947 3855 1364 3918 praecurrere
1413 3837 1669 3900 amicos.

2028 3939 2126 3989 12*

2367 3153 2453 3205 25

2369 3583 2459 3634 30
