2784 4319
838 183 973 231 LIB.
1013 183 1108 232 III.
1145 193 1419 234 XVI-xlx·

389 318 530 382 late
565 321 898 400 tyrannus:
949 341 1090 383 cras
1137 319 1307 385 foliis
1353 341 1579 388 nemus

395 402 620 466 multis
665 409 730 468 et
772 403 918 485 alga
961 404 1112 468 litus
1156 406 1368 470 inutili

486 489 763 554 demissa
806 495 1157 572 tempestas
1203 491 1284 557 ab
1327 491 1504 556 Euro

573 580 833 654 sternet,
881 596 1088 657 aquae
1131 577 1255 642 nisi
1297 576 1466 642 fallit
1509 599 1714 660 augur

393 712 643 757 annosa
687 696 923 758 cornix.
969 694 1122 759 dum
1164 702 1371 778 potes,
1417 697 1667 762 aridum

385 797 697 858 conpone·
725 779 993 861 lignum:
1040 802 1183 845 cras
1231 781 1505 846 Genium
1548 803 1728 848 mero

479 864 732 928 curabis
777 871 843 928 et
885 887 1082 947 porco
1132 867 1466 932 bimenstri

567 969 710 1014 cum
754 949 1008 1035 famulis
1054 972 1320 1034 operum
1365 953 1608 1019 solutis.

747 1170 754 1174 ·
881 1141 1166 1215 XVIII.

379 1306 626 1392 Faune,
670 1313 1107 1397 Nympharum
1148 1313 1504 1396 fugientum
1548 1317 1819 1395 amator,

385 1417 510 1479 per
551 1418 726 1462 meos
769 1397 930 1463 fines
977 1403 1044 1464 et
1085 1401 1308 1480 aprica
1350 1420 1505 1466 rura

381 1484 554 1550 lenis
596 1484 857 1549 incedas
903 1485 1223 1566 abeasque
1267 1486 1483 1568 parvis

561 1590 803 1654 aequus
849 1570 1141 1649 alumniS,

381 1689 444 1756 si
485 1695 670 1755 tener
710 1690 902 1773 pleno
949 1691 1122 1755 cadit
1164 1689 1411 1756 haedus
1455 1710 1643 1772 anno,

381 1776 570 1874 larga
610 1797 730 1841 nec
774 1777 1007 1840 desunt
1049 1775 1316 1841 Veneris
1361 1776 1571 1840 sodali

381 1863 534 1928 vina
578 1868 886 1940 craterae,
932 1867 1113 1926 vetus
1159 1883 1274 1927 ara
1316 1861 1519 1926 multo

557 1948 764 2012 fumat
809 1949 1022 2011 odore.

378 2068 550 2134 ludit
591 2067 866 2132 herboso
910 2088 1106 2150 pecus
1152 2087 1340 2130 omne
1385 2086 1633 2148 campe,

383 2177 532 2219 cum
573 2154 693 2220 tibi
734 2153 956 2219 Nonae
1001 2153 1275 2218 redeunt
1315 2151 1733 2235 Decembres3

381 2242 584 2307 festus
628 2241 696 2304 in
737 2242 940 2323 pratis
984 2244 1172 2305 vacat
1213 2240 1421 2305 otioso

557 2348 703 2391 cum
746 2326 908 2391 bove
951 2346 1174 2407 pagus,

384 2449 552 2512 inter
595 2446 874 2511 audaces
916 2445 1104 2527 lupus
1151 2449 1325 2508 errat
1368 2463 1589 2527 agnOS,

385 2533 630 2616 spargit
673 2537 959 2613 agrestes
1003 2531 1123 2595 tibi
1167 2529 1326 2594 silva
1368 2529 1649 2609 frondeS,

384 2619 622 2702 gaudet
664 2617 934 2682 invisam
976 2614 1298 2698 pepulisse
1342 2614 1552 2679 fossor

553 2709 659 2768 ter
700 2703 866 2785 pede
910 2707 1167 2767 terram.

994 2924 1204 2999 XIX.

277 3098 600 3173 Quantum
646 3098 843 3161 distet
886 3096 968 3160 ab
1013 3093 1250 3158 Inacho

451 3184 717 3261 CodruS,
763 3202 879 3262 pro
925 3180 1138 3261 patria
1179 3199 1308 3243 non
1351 3178 1615 3244 timidus
1660 3178 1843 3260 mori,

271 3288 522 3349 narras,
570 3275 637 3333 et
679 3288 878 3349 genus
922 3266 1119 3329 Aeaci

451 3360 518 3419 et
559 3360 846 3436 pugnata
890 3372 1072 3415 sacro
1118 3349 1290 3414 bella
1333 3350 1451 3413 sub
1494 3349 1649 3413 Ilio:

276 3492 407 3555 quo
451 3473 677 3536 Chium
720 3472 926 3553 pretio
973 3470 1203 3535 cadum

451 3578 822 3636 mercemur,
861 3557 1002 3637 quis
1039 3576 1272 3637 aquam
1308 3559 1626 3635 temperet
1654 3554 1927 3635 ignibuS,

282 3660 432 3724 quo
453 3642 798 3725 praebente
844 3643 1102 3706 domum
1147 3646 1214 3704 et
1256 3645 1455 3722 quota

453 3727 769 3809 Paelignis
816 3746 1070 3793 caream
1113 3725 1473 3807 frigoribus,
1518 3734 1715 3788 taces.

2190 193 2321 254 63!

2292 417 2373 472 10

2284 878 2366 933 15

2272 2157 2355 2212 10

2224 2618 2351 2696 ‚15
