2784 4319
165 17 555 134 -.ew-r
681 19 712 30 ,-

961 258 1097 308 LIB.
1132 260 1231 308 111.
1268 267 1542 304 xix-xxi}

1138 497 1361 570 XXI.

520 667 579 734 Ο
622 675 779 733 nata
822 689 1077 732 mecum
1120 669 1381 732 consule
1423 667 1684 748 Manlio,

517 776 639 820 seu
682 761 755 818 tu
798 754 1123 837 querellas
1166 755 1301 818 sive
1344 756 1516 836 geris
1561 756 1756 834 iocos,

610 861 723 906 seu
766 843 975 904 rixam
1020 847 1089 904 et
1128 842 1389 904 insanos
1433 861 1704 918 amoreS,

696 945 813 992 seu
854 926 1133 1006 facilem,
1174 927 1287 1008 pia
1328 931 1518 1004 testa,
1565 945 1874 1004 somnum,

517 1067 927 1130 quocumque
970 1045 1211 1110 lectum
1254 1047 1512 1109 nomine
1556 1045 1900 1108 Massicum

515 1154 759 1212 servae,
802 1134 1047 1197 moveri
1091 1133 1285 1214 digna
1326 1133 1498 1196 bono
1543 1132 1666 1209 die,

606 1219 947 1296 descende,
994 1217 1268 1282 Corvino
1314 1218 1574 1281 iuben'te

692 1325 993 1388 promere
1036 1304 1442 1386 languidiora
1483 1305 1648 1366 vina.

510 1447 648 1490 non
690 1426 821 1506 ille,
866 1445 1257 1507 quamquam
1301 1424 1645 1488 Socraticis
1688 1422 1909 1486 madet

512 1513 939 1590 sermonibus,
984 1519 1051 1574 te
1095 1511 1377 1592 neglegit
1419 1510 1748 1574 horridus:

606 1605 909 1662 narratur
952 1605 1017 1660 et
1059 1598 1254 1679 prisci
1298 1596 1559 1660 Catonis

694 1705 891 1766 saepe
932 1703 1113 1746 mero
1160 1682 1432 1748 caluisse
1475 1684 1693 1744 virtus,

512 1811 588 1868 tu
633 1805 777 1869 lene
820 1809 1213 1867 tormentum
1256 1803 1510 1884 ingenio
1555 1803 1858 1866 admoves

512 1891 895 1972 plerumque
941 1890 1135 1968 duro;
1176 1895 1271 1952 tu.
1296 1889 1680 1970 sapientium

602 1997 792 2041 curas
837 1981 905 2040 et
948 1996 1253 2040 arcanum
1298 1977 1516 2038 iocoso

692 2062 1031 2126 consilium
1075 2063 1313 2142 retegis
1356 2061 1606 2144 Lyae03

514 2190 591 2247 ‘tu
636 2205 817 2264 spem
859 2184 1115 2247 reducis
1158 2181 1480 2246 mentibus
1524 2183 1728 2245 anxiis

514 2270 811 2351 viresque
858 2276 925 2333 et
968 2270 1155 2333 addis
1200 2288 1441 2331 cornua
1482 2269 1770 2350 pauperi,

602 2362 754 2438 post
796 2362 865 2419 te
910 2376 1118 2437 neque
1164 2356 1366 2418 iratos
1411 2356 1712 2418 trementi

687 2462 911 2524 regum
955 2442 1173 2523 apices
1216 2462 1424 2521 neque
1469 2440 1742 2503 militum
1787 2461 1984 2503 arma.

511 2567 581 2625 te
625 2560 821 2625 Liber
864 2567 931 2625 et
974 2562 1029 2625 si
1070 2560 1247 2626 laeta
1290 2561 1500 2624 aderit
1541 2560 1756 2623 Venus

508 2668 869 2729 segnesque
912 2647 1154 2711 nodum
1198 2647 1444 2711 solvere
1491 2645 1752 2709 Gratiae

597 2734 905 2813 vivaeque
951 2733 1312 2815 producent
1352 2732 1672 2808 lucernae,

683 2818 837 2882 dum
880 2820 1137 2883 rediens
1180 2818 1360 2900 fugat
1405 2824 1580 2882 astra
1623 2815 1935 2881 Phoebus.

1128 3006 1377 3079 XXII.

517 3178 835 3244 Montium
881 3183 1097 3242 custos
1139 3197 1616 3258 nemorumque.
1663 3178 1858 3257 virgo,

518 3285 684 3346 quae
729 3264 1101 3328 laborantes
1142 3270 1327 3327 utero
1372 3264 1621 3345 puellas

514 3356 619 3414 ter
662 3355 891 3415 vocata
932 3351 1117 3414 audis
1163 3351 1517 3431 adimisque
1561 3348 1712 3428 let0,

574 3478 581 3485 ·
690 3436 841 3501 diva
882 3436 1209 3509 triformis,

517 3556 833 3620 inminens
876 3556 1066 3620 villae
1110 3562 1223 3620 tua
1266 3558 1452 3638 pinus
1499 3562 1656 3634 est0,

518 3659 713 3723 quam
754 3662 875 3723 per
918 3649 1176 3706 exactos
1222 3663 1339 3724 ego
1384 3642 1592 3705 laetus
1637 3661 1837 3706 annos

518 3728 717 3791 verris
763 3728 1091 3809 obliquum
1133 3729 1503 3792 meditantis
1545 3730 1742 3791 ictum

691 3816 996 3895 sanguine
1042 3814 1291 3878 donem.

2404 1511 2484 1565 io

2403 1975 2484 2030 15

2401 2442 2484 2497 20
