2784 4319
837 246 845 251 ·
933 232 1070 282 LIB.
1107 232 1203 283 111.
1241 236 1587 279 xxm-XXIV

437 364 643 447 fruges
687 370 754 429 et
799 363 1100 428 Cererem
1144 364 1377 442 ferunt,

597 470 716 517 nec
762 449 1014 515 cultura
1058 450 1272 532 placet
1315 450 1567 532 longior
1611 471 1842 531 annua,

433 535 924 617 defunctumque
967 535 1296 601 laboribus

598 621 1151 712 aequali-recreat
1195 628 1370 686 sorte
1414 622 1708 687 vicarius.

427 757 556 822 illic
599 762 808 823 matre
854 758 1219 824 carentibus

596 844 904 926 privignis
947 844 1178 908 mulier
1221 849 1545 926 temperat
1586 845 1912 925 innocens,

425 950 546 994 nec
592 930 822 994 dotata
861 931 1031 1012 regit
1071 931 1278 994 virum

599 1016 878 1081 coniunx
917 1035 1038 1080 nec
1079 1015 1286 1079 nitido
1330 1014 1475 1079 fidit
1518 1015 1831 1081 adultero.

425 1151 546 1217 dos
593 1158 693 1217 est
734 1172 972 1235 magna
1012 1153 1378 1235 parentium

597 1238 800 1302 virtus
844 1242 912 1301 et
951 1244 1244 1303 metuens
1290 1238 1555 1303 alterius
1598 1238 1719 1305 viri

427 1328 606 1390 certo
649 1323 914 1389 foedere
960 1325 1248 1403 castitas,

601 1414 670 1475 et
709 1428 982 1492 peccare
1025 1408 1206 1475 nefas
1251 1413 1367 1474 aut
1408 1409 1687 1492 pretium
1732 1412 1832 1508 est
1874 1408 2059 1473 mori.

431 1566 471 1611 o
513 1546 805 1629 quisquis
848 1546 1023 1611 volet
1064 1547 1274 1629 inpias

603 1631 835 1697 caedes
881 1638 949 1697 et
990 1632 1239 1697 rabiem
1280 1632 1511 1696 tollere
1557 1632 1841 1711 civicam,

256 1728 264 1734 ’
383 1686 388 1689 ¹
427 1718 486 1783 si
529 1723 799 1800 quaeret
839 1717 1051 1799 ‘pater
1090 1716 1362 1783 urbium’

603 1802 918 1869 subscribi
962 1804 1213 1883 statuis,
1258 1804 1640 1867 indomitam
1683 1802 1924 1867 audeat

427 1940 757 2021 refrenare
801 1940 1148 2018 licentiam,

605 2025 815 2090 clarus
850 2031 1002 2107 post
1043 2026 1308 2107 genitis:
1347 2029 1682 2107 quatenus,
1720 2024 1848 2089 heu
1883 2022 2083 2104 nefas,

399 2111 734 2178 'virtutem
775 2110 1158 2176 incolumem
1204 2110 1474 2190 odimuS,

603 2197 924 2264 sublatam
969 2218 1049 2263 ex
1092 2197 1292 2262 oculis
1337 2198 1723 2279 quaerimus,
1767 2195 1985 2262 invidi.

430 2334 590 2418 quid
633 2335 852 2398 tristes
896 2335 1352 2415 querimoniae,

607 2419 663 2484 si
705 2439 836 2484 nou
879 2420 1191 2501 supplicio
1239 2420 1429 2502 culpa
1470 2418 1800 2500 reciditur,

430 2504 589 2590 quid
632 2504 821 2587 leges·
853 2507 991 2571 sine
1034 2505 1318 2570 moribus

605 2611 808 2656 vanae
848 2591 1214 2675 proficiunt,
1261 2592 1317 2656 si
1358 2611 1569 2674 neque
1612 2591 1874 2655 fervidis

432 2748 586 2814 pars
629 2728 876 2793 inclusa
921 2728 1239 2794 caloribus

606 2814 829 2879 mundi
871 2835 991 2878 nec
1034 2813 1282 2878 Boreae
1325 2813 1666 2904 finitimum
1708 2813 1879 2878 latus

433 2900 832 2981 durataeque
877 2900 1013 2964 solo
1056 2899 1233 2964 nives

607 2989 1034 3050 mercatorem
1077 2985 1360 3068 abigunt,
1405 2984 1670 3050 horrida
1714 2982 1929 3048 callidi

395 3122 700 3188 ³-vincunt
742 3143 1024 3205 aequora
1065 3122 1338 3202 navitae,

617 3229 918 3291 magnum
960 3209 1299 3290 pauperies
1344 3207 1759 3290 obprobrium
1800 3207 1984 3274 iubet

438 3291 689 3374 quidvis
735 3299 802 3358 et
843 3294 1056 3359 facere
1104 3298 1170 3358 et
1211 3295 1369 3375 pati,

608 3380 988 3462 virtutisque
1031 3380 1201 3442 viam
1246 3379 1488 3443 deserit
1528 3379 1815 3443 arduae?

441 3514 543 3579 vel
583 3535 703 3580 nos
746 3517 814 3580 111
859 3514 1264 3597 Capitolium,

613 3623 740 3682 quo
787 3601 1030 3666 clamor
1072 3607 1260 3665 vocat
1303 3607 1370 3666 et
1413 3601 1604 3666 turba
1647 3601 2015 3680 faventium,

441 3685 545 3749 vel
584 3708 702 3751 nos
745 3687 812 3750 in
855 3707 1032 3751 mare
1075 3687 1436 3769 proximum

499 3837 505 3842 .
613 3793 896 3854 gemmas
943 3779 1009 3836 et
1049 3772 1318 3854 lapides,
1365 3793 1591 3836 aurum
1637 3777 1704 3836 et
1744 3770 1989 3850 inutile,

1989 3887 2050 3938 5·

2313 234 2396 296 6⁷

2420 1020 2501 1075 20

2418 1548 2498 1603 25

2419 2028 2498 2081 30

2418 2507 2499 2562 85

2419 2985 2501 3039 40

2418 3513 2501 3568 45
