2784 4319
322 902 357 955 5

283 1333 359 1389 10

284 1774 362 1826 15

283 2205 362 2259 20

285 2634 365 2689 25

288 3066 404 3158 30‘

293 3495 372 3550 35

377 250 500 309 170
1100 247 1379 298 HORATI
1415 248 1929 315 EPISTULARUM

480 553 742 619 Troiani
785 554 940 619 belli
986 558 1384 640 scriptorem,
1438 557 1717 621 Maxime
1762 558 1946 637 Lolli,

481 641 636 709 dum
681 645 754 705 tu
800 641 1124 708 declamas
1170 645 1433 723 Romae,
1479 644 1827 711 Praeneste
1873 643 2105 727 relegi:

481 728 610 809 qui,
637 727 793 811 quid
837 729 922 791 sit
963 730 1320 811 pulchrum,
1367 730 1522 812 quid
1553 735 1758 812 turpe,
1805 730 1961 813 quid
1990 730 2167 809 utile,
2215 729 2371 813 quid
2401 752 2571 811 non,

478 814 734 900 planius
778 834 856 879 ac
901 816 1127 879 melius
1174 816 1527 900 Chrysippo
1574 822 1641 879 et
1686 814 1997 881 Crantore
2042 816 2219 881 dicit.

483 921 598 964 cur
639 900 734 964 ita
779 901 1180 981 crediderim,
1228 904 1351 966 nisi
1397 903 1552 984 quid
1598 908 1662 965 te
1709 903 1972 981 detinet,
2019 903 2191 967 audi.

481 986 719 1066 fabula,
765 1007 896 1070 qua
937 987 1188 1053 Paridis
1232 996 1501 1071 propter
1542 994 1844 1058 narratur
1886 1009 2172 1054 amorem

407 1120 414 1125 -
484 1072 756 1138 Graecia
799 1073 1140 1140 barbariae
1184 1074 1360 1139 lento
1408 1074 1651 1139 conlisa
1697 1075 1929 1155 duell0,

483 1159 826 1230 Stultorum
871 1181 1094 1242 regum
1141 1166 1206 1225 et
1248 1161 1632 1244 populorum
1678 1162 1964 1226 continet
2008 1167 2243 1226 aestus,

482 1245 772 1310 Antenor
817 1253 1037 1311 censet
1079 1247 1234 1312 belli
1275 1247 1653 1331 praecidere
1697 1268 1987 1312 causam:

485 1332 641 1415 quid
683 1331 865 1396 Paris
881 1334 913 1396 ἱ)
956 1339 1030 1397 ut
1073 1334 1284 1398 salvus
1327 1339 1558 1417 regnet
1597 1334 1893 1416 vivatque
1937 1334 2186 1412 beatuS,

486 1420 628 1500 cogi
671 1439 861 1500 posse
907 1427 1118 1502 negat.
1163 1419 1402 1485 Nestor
1446 1441 1807 1501 conponere
1850 1421 1997 1484 lites

485 1506 654 1568 inter
697 1504 963 1569 Peliden
1005 1505 1271 1571 festinat
1314 1513 1382 1571 et
1425 1507 1594 1569 inter
1636 1506 1936 1569 Atriden:

486 1591 656 1655 hunc
700 1612 900 1672 amor,
945 1593 1044 1657 ira
1087 1592 1344 1674 quidem
1394 1593 1816 1656 communiter
1858 1593 1988 1656 urit
2030 1599 2391 1674 utrumque.
2496 1630 2504 1649 ε

489 1677 803 1761 quidquid
848 1677 1126 1742 delirant
1168 1700 1372 1762 regeS,
1416 1679 1787 1762 plectuntur
1828 1679 2070 1743 Achivi.

489 1764 826 1843 seditione,
872 1764 1058 1845 dolis,
1103 1766 1346 1830 scelere
1390 1770 1585 1847 atque
1630 1764 1895 1830 libidine
1942 1771 2006 1829 et
2049 1766 2149 1829 ira

485 1850 719 1915 Ih‘acos
763 1852 935 1915 intra
979 1872 1194 1915 muros
1237 1858 1549 1934 peccatur
1593 1858 1658 1914 et
1702 1856 1901 1915 extra.

486 1958 725 2015 rursus,
772 1936 927 2018 quid
970 1938 1171 2001 virtus
1219 1943 1283 2000 et
1327 1938 1483 2019 quid
1527 1938 1845 2020 sapientia
1884 1938 2109 2020 possit,

487 2023 645 2088 utile
691 2024 1028 2106 proposuit
1073 2023 1258 2087 nobis
1305 2023 1633 2105 exemplar
1675 2023 1927 2096 Ulixen,

489 2110 600 2195 qui
645 2110 925 2176 domitor
968 2109 1196 2174 Troiae
1242 2110 1590 2174 multorum
1632 2111 1934 2192 providus
1979 2108 2171 2174 urbes

489 2203 557 2261 et
601 2217 812 2262 mores
856 2196 1185 2260 hominum
1230 2196 1525 2278 inspexit,
1573 2197 1900 2279 latumque
1945 2218 2062 2278 per
2106 2216 2368 2276 aequor,

489 2283 643 2348 dum
689 2282 832 2362 sibi,
879 2283 1031 2347 dum
1077 2283 1267 2348 sociis
1309 2283 1590 2348 reditum
1634 2290 1841 2366 parat,
1888 2303 2119 2364 aspera
2162 2281 2369 2345 multa

488 2368 774 2452 pertulit,
821 2368 1106 2433 adversis
1150 2390 1367 2433 rerum
1412 2369 1837 2434 inmersabilis
1882 2370 2087 2433 undis,

491 2455 786 2520 Sirenum
831 2474 1019 2519 voces
1065 2460 1131 2519 et
1176 2455 1400 2520 Circae
1445 2456 1679 2538 pocula
1722 2456 1922 2519 nosti:

492 2563 656 2624 quae
703 2541 758 2604 si
803 2561 948 2605 cum
993 2541 1180 2606 sociis
1227 2543 1459 2606 Stultus
1507 2542 1901 2623 cupidusque
1947 2542 2233 2619 bibisset,

492 2627 611 2693 sub
657 2628 920 2692 domina
963 2628 1301 2692 meretrice
1347 2629 1573 2692 fuisset
1618 2628 1823 2710 turpis
1869 2635 1935 2691 et
1980 2647 2221 2704 excorS,

491 2713 754 2779 vixisset
797 2713 974 2778 canis
1017 2714 1358 2780 inmundus
1404 2714 1506 2777 vel
1551 2715 1759 2778 amica
1800 2714 1937 2778 luto
1983 2733 2109 2778 8118.

493 2820 609 2865 1108
654 2821 957 2865 numerus
1001 2820 1218 2865 sumus
1265 2807 1331 2865 et
1372 2800 1589 2882 fruges
1636 2821 2009 2864 consumere
2053 2800 2209 2876 nati,

494 2887 712 2985 sponsi
756 2885 1119 2970 Penelopae
1163 2886 1536 2965 nebuloneS,
1582 2886 1961 2968 Alcinoique

493 2975 562 3037 in
607 2977 752 3038 cute
799 2973 1085 3038 curanda
1127 2972 1270 3055 plus
1316 2993 1522 3054 aequo
1570 2978 1839 3054 operata
1881 2973 2195 3050 iuventuS,

496 3059 600 3123 cui
641 3057 978 3140 pulchrum
1021 3059 1145 3124 fuit
1185 3059 1252 3122 in
1296 3060 1543 3124 medios
1590 3059 1868 3124 dormire
1914 3058 2051 3123 dies
2097 3063 2164 3122 et

496 3144 580 3209 ad
625 3145 967 3226 strepitum
1011 3144 1295 3209 citharae
1343 3151 1663 3210 cessatum
1708 3146 1943 3210 ducere
1987 3164 2222 3208 curam.

494 3236 571 3294 ut
611 3231 901 3314 iugulent
942 3231 1284 3310 hominem,
1331 3236 1601 3313 surgunt
1644 3231 1724 3295 de
1768 3236 1957 3295 nocte
2000 3230 2309 3294 latrones:

495 3323 570 3381 ut
613 3323 679 3381 te
724 3318 934 3400 ipsum
977 3338 1208 3397 serveS,
1255 3339 1383 3382 non
1430 3317 1933 3399 expergisceris?
1977 3317 2158 3399 atqui

499 3404 554 3468 si
598 3403 778 3468 noles
825 3425 1034 3482 8311118,
1082 3425 1300 3468 curres
1344 3404 1764 3486 hydropicus3
1810 3409 1876 3467 et
1918 3403 1985 3467 ni

497 3510 728 3573 posces
774 3497 926 3554 ante
973 3491 1144 3556 diem
1188 3489 1426 3554 librum
1473 3512 1616 3553 cum
1660 3490 1918 3569 lumine,
1964 3489 2021 3552 si
2064 3509 2192 3553 non

499 3577 797 3642 intendes
843 3577 1124 3642 animum
1169 3575 1400 3641 studiis
1448 3584 1513 3640 et
1557 3576 1748 3640 rebus
1792 3575 2097 3655 honestis,

500 3662 742 3728 invidia
785 3663 888 3728 vel
931 3682 1151 3727 amore
1195 3661 1349 3743 vigil
1394 3662 1797 3745 torquebere.
1843 3683 1993 3726 nam
2040 3683 2169 3726 cur.

503 3768 670 3833 quae
714 3748 983 3813 laedunt
1026 3748 1266 3826 0011108,
1311 3747 1581 3812 festinas
1628 3750 1914 3813 demere:
1964 3748 2019 3812 si
2062 3747 2218 3829 quid

505 3842 605 3901 est
649 3835 951 3912 animum,
999 3832 1216 3898 differs
1262 3835 1530 3898 curandi
1574 3841 1825 3916 tempus
1869 3834 1936 3897 in
1981 3834 2263 3898 annum?
