2784 4319
294 247 425 306 *12

254 1537 334 1592 10

258 2001 334 2053 15

248 2442 329 2517 20

251 3628 327 3680 10

1144 245 1418 302 IIORATI
1456 244 1540 294 CA
1550 245 1836 296 RMINUM

1378 483 1584 558 XIV.

659 681 711 746 Ο
757 682 955 762 navis,
998 679 1283 746 referent
1324 683 1389 747 in
1436 703 1614 746 mare
1657 688 1726 746 te
1768 681 1915 747 novi

654 767 903 832 fluctus.
950 789 988 832 o
1035 769 1189 850 quid
1233 769 1418 850 agis?
1460 768 1715 833 fortiter
1757 789 2002 852 occupa

742 855 1030 937 portum!
1076 875 1283 918 nonne
1328 855 1506 919 vides
1551 861 1625 918 ut

830 941 1073 1004 nudum
1116 941 1381 1023 remigio
1428 940 1598 1005 latus

660 1066 727 1125 et
768 1060 975 1126 malus
1022 1061 1214 1125 celeri
1259 1059 1512 1126 saueius
1555 1059 1771 1124 Africo

660 1154 1125 1229 antemnaeque
1168 1152 1430 1230 gemant
1471 1168 1549 1212 ao
1595 1148 1728 1212 sine
1773 1145 2030 1212 funibus

742 1237 849 1298 vix
892 1235 1123 1298 durare
1169 1235 1424 1297 carinae

831 1320 1081 1404 possint
1122 1319 1526 1402 imperiosius

662 1442 948 1524 aequor?
991 1460 1120 1504 non
1164 1439 1285 1504 tibi
1328 1446 1476 1503 sunt
1520 1440 1771 1522 integra
1812 1439 2031 1519 lintea,

661 1548 788 1592 non
836 1527 919 1607 di,
967 1546 1127 1608 quos
1169 1527 1402 1590 iterum
1446 1546 1670 1607 pressa
1711 1545 1899 1589 voees
1949 1524 2142 1590 malo·

749 1615 1035 1696 quamvis
1067 1613 1346 1693 ‘Pontica
1387 1613 1595 1693 pinuS,

836 1699 1031 1764 silvae
1074 1697 1208 1761 filia
1248 1698 1501 1776 nobilis,

662 1823 865 1885 iactes
910 1825 977 1883 et
1020 1841 1217 1901 genus
1264 1824 1330 1883 et
1371 1838 1604 1881 nomen
1648 1819 1890 1898 inutile,

662 1907 753 1970 nil
796 1906 987 1988 pictis
1028 1905 1291 1969 timidus
1334 1905 1552 1979 navita
1592 1905 1912 1987 puppibus

748 1991 909 2056 fidit.
952 1997 1044 2070 tu,
1088 1992 1211 2054 nisi
1254 1991 1460 2054 ventis

838 2077 1033 2142 debes
1076 2077 1440 2155 ludibrium,
1489 2097 1659 2140 cave.
1701 2155 1709 2161 .

664 2222 869 2281 nuper
912 2198 1254 2263 sollicitum
1298 2218 1463 2278 quae
1507 2196 1664 2260 mihi
1706 2196 2006 2277 taedium,

664 2306 833 2350 nuno
878 2282 1265 2349 desiderium
1310 2304 1588 2364 curaque
1633 2302 1760 2347 non
1803 2282 1976 2360 leviS,

750 2370 1061 2437 interfusa
1102 2370 1379 2434 nitentes

828 2458 991 2521 vites
1036 2476 1319 2538 aequora
1363 2454 1692 2537 Cycladas,

1395 2620 1562 2695 XV.

656 2784 885 2849 Pastor
928 2805 1071 2848 oum
1114 2784 1404 2849 traheret
1445 2805 1564 2866 per
1603 2784 1773 2849 freta
1814 2786 2082 2851 navibus

654 2870 864 2935 Idaeis
908 2870 1195 2934 Helenen
1238 2869 1522 2952 perfidus
1565 2870 1904 2953 hospitam,

654 2958 907 3039 ingrato
954 2956 1193 3020 celeres
1239 2956 1453 3020 obruit
1497 2958 1628 3020 otio

826 3048 1050 3106 ventos
1094 3047 1168 3105 ut
1212 3048 1473 3105 caneret
1514 3041 1655 3106 fera

652 3162 899 3226 Nereus
942 3160 1108 3225 fata:
1152 3160 1346 3225 ‘mala
1390 3161 1570 3226 ducis
1614 3163 1714 3226 avi
1760 3162 2036 3244 domum,

656 3268 848 3329 quam
892 3247 1093 3311 multo
1137 3253 1388 3329 repetet
1435 3246 1706 3312 Graecia
1751 3250 1972 3330 milite,

655 3334 988 3397 coniurata
1030 3338 1175 3397 tuas
1218 3354 1513 3415 rumpere
1555 3335 1814 3417 nuptias

829 3423 897 3483 et
938 3439 1206 3500 regnum
1250 3418 1488 3483 Priami
1531 3426 1731 3484 vetus,

657 3537 839 3618 eheu,
884 3544 1161 3620 quantus
1206 3540 1405 3619 equis,
1453 3546 1728 3621 quantus
1772 3542 1958 3605 adest
2000 3541 2150 3607 viris

656 3624 893 3689 sudor!
937 3629 1180 3705 quanta
1222 3645 1454 3692 moves
1483 3625 1709 3689 funera
1750 3626 2094 3691 Dardanae

656 3710 861 3793 genti!
907 3711 1039 3774 iam
1082 3710 1331 3793 galeam
1376 3710 1588 3775 Pallas
1635 3717 1701 3775 et
1743 3713 1973 3793 aegida

830 3816 1178 3879 currusque
1224 3803 1290 3862 et
1332 3798 1578 3862 rabiem
1620 3804 1826 3880 parat.
