2784 4319
1045 285 1183 336 LIB.
1222 285 1291 336 11.
1330 289 1530 334 VIII--x

544 425 617 484 tu
661 443 915 505 semper
955 441 1187 503 urgues
1231 419 1550 486 flebilibus
1573 420 1802 500 ,modis

542 507 794 590 Mysten
838 508 1227 589 ademptum,
1272 529 1391 571 nec
1436 498 1555 572 tibi
1599 507 1884 588 Vespero

631 599 927 675 surgente
973 593 1293 664 decedunt
1335 613 1586 658 amores

714 699 835 742 neo
878 679 1197 760 rapidum-
1218 678 1501 760 fugiente
1548 678 1768 742 solem.

544 804 615 862 at
656 819 784 862 non
826 806 930 862 ter
972 819 1127 862 aevo
1172 797 1428 862 functus
1473 797 1816 862 amabilem

542 883 819 966 ploravit
862 903 1081 947 omnes
1124 883 1532 946 Antilochum
1577 903 1774 946 senex

630 985 849 1048 annos,
896 990 1013 1034 nec
1058 969 1361 1051 inpubem
1404 974 1705 1050 parentes

716 1053 974 1118 Troilon
1020 1061 1133 1118 aut
1174 1053 1487 1138 Phrygiae
1534 1074 1788 1118 sorores

543 1173 773 1238 flevere
819 1195 1087 1256 semper.
1134 1173 1352 1240 desine
1401 1173 1686 1238 mollium

543 1261 807 1325 tandem
845 1259 1307 1342 querellarum‚‚
1348 1266 1414 1322 et
1457 1261 1672 1340 potius
1717 1277 1880 1323 nova

630 1351 957 1410 cantemus
1000 1347 1271 1432 Augusti
1316 1351 1585 1427 tropaea

716 1431 1007 1496 Caesaris
1054 1436 1119 1494 et
1161 1430 1442 1514 rigidum
1483 1429 1827 1511 Niphaten,

440 1553 447 1560 ’
546 1551 929 1633 Medumque
974 1549 1211 1614 flumen
1254 1550 1550 1632 gentibus
1597 1550 1893 1614 additum¹

543 1638 729 1700 victis
774 1638 1051 1716 minores
1094 1635 1347 1700 volvere
1395 1637 1684 1716 vertices,

630 1724 927 1804 intraque
971 1724 1442 1803 praescriptum
1486 1721 1764 1786 Gelonos

720 1809 961 1890 exiguis
1007 1808 1295 1888 equitare
1342 1808 1600 1888 campis,

1217 1947 1311 2020 X.

546 2065 807 2130 Rectius
850 2065 1039 2144 vives,
1085 2064 1309 2144 Licini,
1356 2085 1562 2146 neque
1609 2063 1808 2128 altum

546 2172 800 2234 semper
841 2151 1171 2235 urguendo
1216 2172 1443 2233 neque,
1491 2152 1642 2217 dum
1667 2149 1999 2233 procellas

545 2244 770 2302 cautus
814 2238 1149 2317 horrescis,
1194 2238 1460 2301 nimium
1501 2238 1850 2319 premendo

716 2323 869 2387 litus
911 2323 1219 2404 iniquum.

546 2458 809 2507 auream
853 2444 1137 2525 quisquis
1183 2442 1692 2507 mediocritatem

548 2529 774 2609 diligit,
819 2535 999 2593 tutus
1041 2535 1219 2593 caret
1262 2528 1562 2593 obsoleti·

546 2614 839 2679 sordibus
884 2616 1057 2693 tecti,
1106 2620 1283 2679 earet
1323 2614 1668 2679 invidenda

718 2701 967 2765 sobrius
1012 2700 1177 2765 aula.

547 2821 795 2884 saevius
839 2820 1044 2884 ventis
1090 2821 1370 2901 agitatur
1411 2820 1635 2902 ingens

548 2906 751 2989 pinus·
778 2912 843 2969 et
888 2906 1097 2969 celsae
1142 2907 1430 2987 graviore
1477 2928 1630 2970 casu

350 3018 359 3023 ·
468 3030 479 3033 -
548 2991 849 3055 decidunt
890 2996 1101 3055 turres
1145 2990 1506 3073 feriuntque
1539 3010 1830 3066 summos

716 3076 969 3159 fiilgura
1011 3084 1277 3141 montes.

547 3202 765 3277 sperat
808 3196 1076 3275 infestiS‚
1124 3198 1352 3260 metuit
1398 3198 1692 3260 secundis

549 3282 817 3346 alteram
862 3288 1100 3347 sortem
1143 3281 1308 3346 bene
1352 3289 1806 3364 praeparatum

546 3372 785 3448 pectus.
831 3367 1134 3432 informes
1178 3368 1422 3442 hiemes
1465 3368 1716 3431 reducit

714 3452 1020 3534 Iuppiter,
1067 3454 1240 3517 idem

548 3572 896 3653 submovet.
939 3590 1101 3647 nons
1133 3572 1186 3635 si
1232 3571 1397 3637 male
1443 3593 1628 3651 nunc,
1675 3580 1758 3652 et
1785 3566 1982 3637 olim·

548 3656 646 3736 sic
684 3658 833 3720 erit:
881 3654 1201 3738 quondam
1247 3657 1495 3721 cithara
1521 3662 1859 3721 tacentem

548 3743 815 3807 suscitat
856 3742 1105 3808 Musam
1148 3762 1355 3823 neque
1401 3764 1656 3825 semper
1697 3762 1934 3807 arcum·

720 3828 927 3891 tendit
972 3820 1239 3909 Apollo:
1294 3853 1305 3857 ’

1988 3946 2056 3995 3*

2324 277 2404 338 35

2431 504 2515 556 10

2427 966 2544 1048 15,-

2421 1423 2511 1479 20-

2425 2904 2506 2956 10

2429 3365 2504 3415 15
