2784 4319
452 237 571 298 106
594 321 599 328 ,

302 451 487 547 110,

350 921 425 974 15

344 1351 422 1403 20

344 1777 423 1832 25

348 3137 422 3191 10

285 3568 423 3623 ’15

1276 238 1555 288 HORATI
1594 238 1888 288 EPODON

651 406 1030 470 indomitam
1071 415 1379 489 properat
1421 409 1666 473 rabiem
1711 409 1957 487 sedare,
2003 431 2209 491 neque
2253 410 2344 472 illi

825 493 955 556 iam.
998 499 1215 556 manet
1256 495 1476 558 umida
1521 501 1699 558 creta
1743 495 2044 577 colorque

650 583 935 643 stercore
979 578 1231 643 fucatus
1276 580 1598 658 crocodili,
1645 581 1902 662 iamque
1943 581 2232 646 subando

822 669 1005 728 tenta
1049 665 1283 729 cubilia
1326 672 1625 763 tectaque
1669 669 1939 748 rumpit3

648 750 751 815 vel
792 771 937 816 mea
983 771 1126 814 cum
1170 753 1374 816 saevis
1421 753 1626 834 381131
1669 753 1931 817 fastidia
1973 754 2212 818 verbis:

816 829 1410 920 ι111331113131181133
1455 839 1661 902 minus
1708 860 1784 902 33
1827 859 1961 918 1113;

649 921 977 986 Inachiam
1020 927 1123 986 ter
1164 929 1350 988 nocte
1395 925 1804 1006 110133,1111111
1848 947 2100 1007 semper
2144 925 2226 989 ad
2271 947 2466 988 unum

821 1008 1031 1072 mollis
1065 1030 1253 1091 opus.
1298 1016 1526 1092 pereat
1568 1010 1754 1090 male,
1802 1031 1966 1092 quae
2011 1017 2076 1074 te

649 1093 883 1159 Lesbia
925 1097 1257 1176 quaerenti
1301 1102 1557 1160 taurum
1600 1098 1977 1160 monstravit
2021 1099 2308 1178 inertem,

822 1202 966 1244 cum
1008 1182 1163 1245 mihi
1209 1181 1374 1246 Cous
1421 1179 1678 1246 adesset
1720 1181 2046 1266 Amyntas,

650 1267 827 1331 cuius
872 1267 939 1330 in
981 1268 1292 1332 indomito
1339 1269 1737 1332 constantior
1779 1269 2034 1350 inguine
2077 1289 2304 1332 nervus

822 1372 1014 1434 quam
1058 1374 1221 1418 nova
1266 1354 1534 1419 collibus
1581 1354 1773 1418 arbor
1815 1354 2125 1417 inhaeret.

649 1438 995 1503 muricibus
1041 1439 1243 1522 Tyriis
1287 1442 1560 1504 iteratae
1605 1440 1844 1503 vellera
1885 1440 2071 1504 lanae

822 1525 925 1588 cui
966 1526 1525 1606 properabantur‘?
1570 1526 1687 1589 tibi
1732 1546 1979 1607 nempe,

648 1630 730 1672 ne
774 1609 942 1673 foret
986 1612 1285 1691 aequales
1330 1613 1499 1676 inter
1543 1613 1820 1690 conviva,
1866 1613 2070 1693 magis
2115 1633 2306 1693 quem

822 1692 1115 1778 diligeret
1157 1698 1385 1761 mulier
1429 1719 1546 1761 sua
1590 1718 1782 1779 quam
1827 1702 1910 1760 te.

648 1799 687 1844 0
732 1800 851 1862 380
894 1802 1023 1845 11011
1065 1781 1235 1863 felix,
1282 1804 1474 1866 quam
1517 1789 1590 1846 tu
1633 1783 1798 1865 fugis
1823 1789 1916 1846 ut
1937 1789 2150 1888 pavet
2193 1805 2372 1848 acres

822 1887 990 1948 agna
1030 1867 1214 1949 1111103
1260 1890 1658 1951 capreaeque
1703 1861 1957 1934 leones.³

1469 2145 1678 2218 XIII.

650 2365 931 2429 Horrida
972 2369 1322 2447 tempestas
1367 2366 1615 2429 caelum
1661 2369 1998 2447 contraxit,
2047 2373 2130 2431 et·
2155 2350 2389 2431 imbres

821 2452 1122 2532 nivesque
1168 2452 1493 2515 deducunt
1535 2452 1780 2531 Iovem3
1823 2475 1992 2516 nunc
2035 2475 2232 2532 mare,
2277 2474 2448 2517 nunc
2486 2452 2667 2517 siluae

652 2536 943 2601 Threicio
988 2536 1301 2618 Aquilone
1346 2546 1607 2601 sonant:
1653 2540 1996 2619 rapiamus,
2045 2540 2252 2618 amici,

824 2625 1222 2688 occasionem
1268 2623 1347 2687 de
1395 2624 1517 2702 die,
1565 2624 1841 2706 dumque
1885 2626 2093 2689 virent
2137 2646 2346 2707 genua

651 2715 718 2773 et
762 2709 967 2789 decet,
1013 2709 1293 2773 obducta
1337 2710 1622 2774 solvatur
1663 2709 1872 2774 fronte
1919 2716 2230 2775 senectus

822 2802 893 2859 tu
940 2796 1085 2860 vina
1128 2795 1452 2877 Torquato
1499 2816 1680 2859 move
1728 2797 1983 2861 consule
2027 2817 2250 2878 pressa
2293 2816 2458 2875 meo,

652 2886 870 2946 cetera
911 2881 1095 2945 mitte
1140 2880 1345 2963 loqui:
1395 2882 1552 2945 deus
1595 2881 1756 2945 haec
1801 2883 2071 2947 fortasse
2117 2884 2392 2964 benigna

822 2968 1089 3031 reducet
1130 2968 1197 3030 in
1242 2967 1461 3032 sedem
1503 2968 1658 3031 vice.
1703 2986 1870 3031 nunc
1917 2975 1983 3032 et
2026 2968 2455 3033 Achaemenio

649 3052 949 3135 perfundi
993 3054 1197 3117 nardo
1241 3054 1419 3117 iuvat
1463 3058 1529 3117 et
1571 3052 1698 3117 fide
1745 3052 2042 3135 Cyllenea

820 3139 1033 3203 levare
1080 3139 1234 3203 diris
1278 3144 1546 3221 pectora
1589 3137 2138 3213 sollicitudinibuS,

648 3224 881 3289 nobilis
923 3230 999 3289 ut
1042 3225 1270 3308 grandi
1316 3226 1549 3289 cecinit
1595 3224 1947 3289 Centaurus
1995 3214 2280 3291 alumno:

816 3304 1095 3390 ‘invicte,
1141 3310 1431 3375 mortalis
1478 3312 1602 3375 dea
1644 3318 1795 3377 nate
1837 3333 1998 3394 puer
2043 3312 2330 3389 Thetide,

647 3400 713 3460 te
758 3402 979 3460 manet
1021 3397 1319 3461 Α3331331
1364 3396 1573 3474 1311113,
1620 3418 1812 3479 quam
1853 3397 2087 3479 frigida
2130 3398 2310 3479 parvi

820 3480 1071 3546 findunt
1116 3482 1494 3547 Scamandri
1535 3448 1814 3562 flumina,
1857 3484 2138 3547 lubricus
2184 3488 2250 3547 et
2296 3482 2544 3547 Simois.

647 3568 818 3634 unde
863 3569 1010 3632 tibi
1025 3568 1306 3632 reditum
1349 3574 1526 3632 certo
1573 3569 1928 3633 subtemine
1973 3569 2241 3633 Parcae.

821 3675 1071 3735 rupere,
1117 3674 1237 3717 nec
1279 3659 1489 3717 mater
1532 3655 1790 3719 domum
1836 3654 2092 3719 caerula
2134 3661 2200 3718 te
2251 3654 2527 3719 revehet.

650 3740 783 3805 illic
828 3761 1013 3805 omne
1057 3739 1297 3804 malum
1340 3741 1484 3803 vino
1533 3747 1849 3821 cantuque
1894 3740 2124 3819 levam,

822 3827 1125 3891 deformis
1170 3827 1597 3907 aegrimoniae
1645 3826 1933 3891 dulcibus
1979 3791 2327 3908 adloquiis?
